@ARTICLE{bovy16,
   author = {{Bovy}, J. and {Bahmanyar}, A. and {Fritz}, T.~K. and {Kallivayalil}, N.
	},
    title = "{The Shape of the Inner Milky Way Halo from Observations of the Pal 5 and GD--1 Stellar Streams}",
  journal = {\apj},
archivePrefix = "arXiv",
   eprint = {1609.01298},
 keywords = {dark matter, Galaxy: fundamental parameters, Galaxy: halo, Galaxy: kinematics and dynamics, Galaxy: structure, globular clusters: individual: Palomar 5},
     year = 2016,
    month = dec,
   volume = 833,
      eid = {31},
    pages = {31},
      doi = {10.3847/1538-4357/833/1/31},
   adsurl = {http://adsabs.harvard.edu/abs/2016ApJ...833...31B},
  adsnote = {Provided by the SAO/NASA Astrophysics Data System}
}

@ARTICLE{gomez16,
   author = {{G{\'o}mez}, F.~A. and {White}, S.~D.~M. and {Marinacci}, F. and
	{Slater}, C.~T. and {Grand}, R.~J.~J. and {Springel}, V. and
	{Pakmor}, R.},
    title = "{A fully cosmological model of a Monoceros-like ring}",
  journal = {\mnras},
archivePrefix = "arXiv",
   eprint = {1509.08459},
 keywords = {Galaxy: disc, Galaxy: evolution, Galaxy: halo, galaxies: interactions, galaxies: kinematics and dynamics, methods: numerical},
     year = 2016,
    month = mar,
   volume = 456,
    pages = {2779-2793},
      doi = {10.1093/mnras/stv2786},
   adsurl = {http://adsabs.harvard.edu/abs/2016MNRAS.456.2779G},
  adsnote = {Provided by the SAO/NASA Astrophysics Data System}
}

@ARTICLE{cooper15,
   author = {{Cooper}, A.~P. and {Parry}, O.~H. and {Lowing}, B. and {Cole}, S. and
	{Frenk}, C.},
    title = "{Formation of in situ stellar haloes in Milky Way-mass galaxies}",
  journal = {\mnras},
archivePrefix = "arXiv",
   eprint = {1501.04630},
 keywords = {methods: numerical, galaxies: formation, galaxies: haloes, galaxies: structure},
     year = 2015,
    month = dec,
   volume = 454,
    pages = {3185-3199},
      doi = {10.1093/mnras/stv2057},
   adsurl = {http://adsabs.harvard.edu/abs/2015MNRAS.454.3185C},
  adsnote = {Provided by the SAO/NASA Astrophysics Data System}
}

@ARTICLE{pricewhelan15,
   author = {{Price-Whelan}, A.~M. and {Johnston}, K.~V. and {Sheffield}, A.~A. and
	{Laporte}, C.~F.~P. and {Sesar}, B.},
    title = "{A reinterpretation of the Triangulum-Andromeda stellar clouds: a population of halo stars kicked out of the Galactic disc}",
  journal = {\mnras},
archivePrefix = "arXiv",
   eprint = {1503.08780},
 keywords = {techniques: spectroscopic, stars: variables: RR Lyrae, Galaxy: disc, Galaxy: halo, Galaxy: stellar content, Galaxy: structure},
     year = 2015,
    month = sep,
   volume = 452,
    pages = {676-685},
      doi = {10.1093/mnras/stv1324},
   adsurl = {http://adsabs.harvard.edu/abs/2015MNRAS.452..676P},
  adsnote = {Provided by the SAO/NASA Astrophysics Data System}
}

@ARTICLE{kuepper15,
   author = {{K{\"u}pper}, A.~H.~W. and {Balbinot}, E. and {Bonaca}, A. and
	{Johnston}, K.~V. and {Hogg}, D.~W. and {Kroupa}, P. and {Santiago}, B.~X.
	},
    title = "{Globular Cluster Streams as Galactic High-Precision Scales: the Poster Child Palomar 5}",
  journal = {\apj},
archivePrefix = "arXiv",
   eprint = {1502.02658},
 keywords = {dark matter, Galaxy: fundamental parameters, Galaxy: halo, Galaxy: kinematics and dynamics, Galaxy: structure, globular clusters: individual: Palomar 5},
     year = 2015,
    month = apr,
   volume = 803,
      eid = {80},
    pages = {80},
      doi = {10.1088/0004-637X/803/2/80},
   adsurl = {http://adsabs.harvard.edu/abs/2015ApJ...803...80K},
  adsnote = {Provided by the SAO/NASA Astrophysics Data System}
}

@ARTICLE{xu15,
   author = {{Xu}, Y. and {Newberg}, H.~J. and {Carlin}, J.~L. and {Liu}, C. and
	{Deng}, L. and {Li}, J. and {Sch{\"o}nrich}, R. and {Yanny}, B.
	},
    title = "{Rings and Radial Waves in the Disk of the Milky Way}",
  journal = {\apj},
archivePrefix = "arXiv",
   eprint = {1503.00257},
 keywords = {Galaxy: disk, Galaxy: kinematics and dynamics, Galaxy: structure},
     year = 2015,
    month = mar,
   volume = 801,
      eid = {105},
    pages = {105},
      doi = {10.1088/0004-637X/801/2/105},
   adsurl = {http://adsabs.harvard.edu/abs/2015ApJ...801..105X},
  adsnote = {Provided by the SAO/NASA Astrophysics Data System}
}

@ARTICLE{pillepich15,
   author = {{Pillepich}, A. and {Madau}, P. and {Mayer}, L.},
    title = "{Building Late-type Spiral Galaxies by In-situ and Ex-situ Star Formation}",
  journal = {\apj},
archivePrefix = "arXiv",
   eprint = {1407.7855},
 keywords = {galaxies: formation, galaxies: structure, Galaxy: evolution, Galaxy: formation, Galaxy: halo, methods: numerical },
     year = 2015,
    month = feb,
   volume = 799,
      eid = {184},
    pages = {184},
      doi = {10.1088/0004-637X/799/2/184},
   adsurl = {http://adsabs.harvard.edu/abs/2015ApJ...799..184P},
  adsnote = {Provided by the SAO/NASA Astrophysics Data System}
}

@ARTICLE{duc15,
   author = {{Duc}, P.-A. and {Cuillandre}, J.-C. and {Karabal}, E. and {Cappellari}, M. and
	{Alatalo}, K. and {Blitz}, L. and {Bournaud}, F. and {Bureau}, M. and
	{Crocker}, A.~F. and {Davies}, R.~L. and {Davis}, T.~A. and
	{de Zeeuw}, P.~T. and {Emsellem}, E. and {Khochfar}, S. and
	{Krajnovi{\'c}}, D. and {Kuntschner}, H. and {McDermid}, R.~M. and
	{Michel-Dansac}, L. and {Morganti}, R. and {Naab}, T. and {Oosterloo}, T. and
	{Paudel}, S. and {Sarzi}, M. and {Scott}, N. and {Serra}, P. and
	{Weijmans}, A.-M. and {Young}, L.~M.},
    title = "{The ATLAS$^{3D}$ project - XXIX. The new look of early-type galaxies and surrounding fields disclosed by extremely deep optical images}",
  journal = {\mnras},
archivePrefix = "arXiv",
   eprint = {1410.0981},
 keywords = {techniques: photometric, galaxies: elliptical and lenticular, cD, galaxies: interactions, galaxies: photometry, galaxies: stellar content},
     year = 2015,
    month = jan,
   volume = 446,
    pages = {120-143},
      doi = {10.1093/mnras/stu2019},
   adsurl = {http://adsabs.harvard.edu/abs/2015MNRAS.446..120D},
  adsnote = {Provided by the SAO/NASA Astrophysics Data System}
}

@ARTICLE{deason14,
   author = {{Deason}, A.~J. and {Belokurov}, V. and {Hamren}, K.~M. and
	{Koposov}, S.~E. and {Gilbert}, K.~M. and {Beaton}, R.~L. and
	{Dorman}, C.~E. and {Guhathakurta}, P. and {Majewski}, S.~R. and
	{Cunningham}, E.~C.},
    title = "{TriAnd and its siblings: satellites of satellites in the Milky Way halo}",
  journal = {\mnras},
archivePrefix = "arXiv",
   eprint = {1407.4458},
 keywords = {Galaxy: formation, Galaxy: halo, galaxies: dwarf},
     year = 2014,
    month = nov,
   volume = 444,
    pages = {3975-3985},
      doi = {10.1093/mnras/stu1764},
   adsurl = {http://adsabs.harvard.edu/abs/2014MNRAS.444.3975D},
  adsnote = {Provided by the SAO/NASA Astrophysics Data System}
}

@ARTICLE{sheffield14,
   author = {{Sheffield}, A.~A. and {Johnston}, K.~V. and {Majewski}, S.~R. and
	{Damke}, G. and {Richardson}, W. and {Beaton}, R. and {Rocha-Pinto}, H.~J.
	},
    title = "{Exploring Halo Substructure with Giant Stars. XIV. The Nature of the Triangulum-Andromeda Stellar Features}",
  journal = {\apj},
archivePrefix = "arXiv",
   eprint = {1407.4463},
 keywords = {Galaxy: formation, Galaxy: halo, Galaxy: structure},
     year = 2014,
    month = sep,
   volume = 793,
      eid = {62},
    pages = {62},
      doi = {10.1088/0004-637X/793/1/62},
   adsurl = {http://adsabs.harvard.edu/abs/2014ApJ...793...62S},
  adsnote = {Provided by the SAO/NASA Astrophysics Data System}
}

@ARTICLE{slater14,
   author = {{Slater}, C.~T. and {Bell}, E.~F. and {Schlafly}, E.~F. and
	{Morganson}, E. and {Martin}, N.~F. and {Rix}, H.-W. and {Pe{\~n}arrubia}, J. and
	{Bernard}, E.~J. and {Ferguson}, A.~M.~N. and {Martinez-Delgado}, D. and
	{Wyse}, R.~F.~G. and {Burgett}, W.~S. and {Chambers}, K.~C. and
	{Draper}, P.~W. and {Hodapp}, K.~W. and {Kaiser}, N. and {Magnier}, E.~A. and
	{Metcalfe}, N. and {Price}, P.~A. and {Tonry}, J.~L. and {Wainscoat}, R.~J. and
	{Waters}, C.},
    title = "{The Complex Structure of Stars in the Outer Galactic Disk as Revealed by Pan-STARRS1}",
  journal = {\apj},
archivePrefix = "arXiv",
   eprint = {1406.6368},
 keywords = {galaxies: evolution, galaxies: interactions, Galaxy: disk, Galaxy: structure},
     year = 2014,
    month = aug,
   volume = 791,
      eid = {9},
    pages = {9},
      doi = {10.1088/0004-637X/791/1/9},
   adsurl = {http://adsabs.harvard.edu/abs/2014ApJ...791....9S},
  adsnote = {Provided by the SAO/NASA Astrophysics Data System}
}

@ARTICLE{drake14,
   author = {{Drake}, A.~J. and {Graham}, M.~J. and {Djorgovski}, S.~G. and
	{Catelan}, M. and {Mahabal}, A.~A. and {Torrealba}, G. and {Garc{\'{\i}}a-{\'A}lvarez}, D. and
	{Donalek}, C. and {Prieto}, J.~L. and {Williams}, R. and {Larson}, S. and
	{Christen sen}, E. and {Belokurov}, V. and {Koposov}, S.~E. and
	{Beshore}, E. and {Boattini}, A. and {Gibbs}, A. and {Hill}, R. and
	{Kowalski}, R. and {Johnson}, J. and {Shelly}, F.},
    title = "{The Catalina Surveys Periodic Variable Star Catalog}",
  journal = {\apjs},
archivePrefix = "arXiv",
   eprint = {1405.4290},
 primaryClass = "astro-ph.SR",
 keywords = {catalogs, Galaxy: halo, Galaxy: stellar content, Galaxy: structure, techniques: photometric, stars: variables: general },
     year = 2014,
    month = jul,
   volume = 213,
      eid = {9},
    pages = {9},
      doi = {10.1088/0067-0049/213/1/9},
   adsurl = {http://adsabs.harvard.edu/abs/2014ApJS..213....9D},
  adsnote = {Provided by the SAO/NASA Astrophysics Data System}
}

@ARTICLE{faure14,
   author = {{Faure}, C. and {Siebert}, A. and {Famaey}, B.},
    title = "{Radial and vertical flows induced by galactic spiral arms: likely contributors to our `wobbly Galaxy'}",
  journal = {\mnras},
archivePrefix = "arXiv",
   eprint = {1403.0587},
 keywords = {stars: kinematics and dynamics, Galaxy: disc, Galaxy: kinematics and dynamics, galaxies: spiral},
     year = 2014,
    month = may,
   volume = 440,
    pages = {2564-2575},
      doi = {10.1093/mnras/stu428},
   adsurl = {http://adsabs.harvard.edu/abs/2014MNRAS.440.2564F},
  adsnote = {Provided by the SAO/NASA Astrophysics Data System}
}

@ARTICLE{widrow14,
   author = {{Widrow}, L.~M. and {Barber}, J. and {Chequers}, M.~H. and {Cheng}, E.
	},
    title = "{Bending and breathing modes of the Galactic disc}",
  journal = {\mnras},
archivePrefix = "arXiv",
   eprint = {1404.4069},
 keywords = {Galaxy: kinematics and dynamics, solar neighbourhood, Galaxy: structure},
     year = 2014,
    month = may,
   volume = 440,
    pages = {1971-1981},
      doi = {10.1093/mnras/stu396},
   adsurl = {http://adsabs.harvard.edu/abs/2014MNRAS.440.1971W},
  adsnote = {Provided by the SAO/NASA Astrophysics Data System}
}

@ARTICLE{martin14,
   author = {{Martin}, N.~F. and {Ibata}, R.~A. and {Rich}, R.~M. and {Collins}, M.~L.~M. and
	{Fardal}, M.~A. and {Irwin}, M.~J. and {Lewis}, G.~F. and {McConnachie}, A.~W. and
	{Babul}, A. and {Bate}, N.~F. and {Chapman}, S.~C. and {Conn}, A.~R. and
	{Crnojevi{\'c}}, D. and {Ferguson}, A.~M.~N. and {Mackey}, A.~D. and
	{Navarro}, J.~F. and {Pe{\~n}arrubia}, J. and {Tanvir}, N.~T. and
	{Valls-Gabaud}, D.},
    title = "{The PAndAS Field of Streams: Stellar Structures in the Milky Way Halo toward Andromeda and Triangulum}",
  journal = {\apj},
archivePrefix = "arXiv",
   eprint = {1403.4945},
 keywords = {Galaxy: halo, Galaxy: structure, Local Group},
     year = 2014,
    month = may,
   volume = 787,
      eid = {19},
    pages = {19},
      doi = {10.1088/0004-637X/787/1/19},
   adsurl = {http://adsabs.harvard.edu/abs/2014ApJ...787...19M},
  adsnote = {Provided by the SAO/NASA Astrophysics Data System}
}

@ARTICLE{vandokkum14,
   author = {{van Dokkum}, P.~G. and {Abraham}, R. and {Merritt}, A.},
    title = "{First Results from the Dragonfly Telephoto Array: The Apparent Lack of a Stellar Halo in the Massive Spiral Galaxy M101}",
  journal = {\apjl},
archivePrefix = "arXiv",
   eprint = {1401.5467},
 keywords = {cosmology: observations, galaxies: evolution, galaxies: halos, Galaxy: halo, Galaxy: structure},
     year = 2014,
    month = feb,
   volume = 782,
      eid = {L24},
    pages = {L24},
      doi = {10.1088/2041-8205/782/2/L24},
   adsurl = {http://adsabs.harvard.edu/abs/2014ApJ...782L..24V},
  adsnote = {Provided by the SAO/NASA Astrophysics Data System}
}

@ARTICLE{williams13,
   author = {{Williams}, M.~E.~K. and {Steinmetz}, M. and {Binney}, J. and
	{Siebert}, A. and {Enke}, H. and {Famaey}, B. and {Minchev}, I. and
	{de Jong}, R.~S. and {Boeche}, C. and {Freeman}, K.~C. and {Bienaym{\'e}}, O. and
	{Bland-Hawthorn}, J. and {Gibson}, B.~K. and {Gilmore}, G.~F. and
	{Grebel}, E.~K. and {Helmi}, A. and {Kordopatis}, G. and {Munari}, U. and
	{Navarro}, J.~F. and {Parker}, Q.~A. and {Reid}, W. and {Seabroke}, G.~M. and
	{Sharma}, S. and {Siviero}, A. and {Watson}, F.~G. and {Wyse}, R.~F.~G. and
	{Zwitter}, T.},
    title = "{The wobbly Galaxy: kinematics north and south with RAVE red-clump giants}",
  journal = {\mnras},
archivePrefix = "arXiv",
   eprint = {1302.2468},
 keywords = {Galaxy: kinematics and dynamics, solar neighbourhood, Galaxy: structure},
     year = 2013,
    month = nov,
   volume = 436,
    pages = {101-121},
      doi = {10.1093/mnras/stt1522},
   adsurl = {http://adsabs.harvard.edu/abs/2013MNRAS.436..101W},
  adsnote = {Provided by the SAO/NASA Astrophysics Data System}
}

@ARTICLE{carlin13,
   author = {{Carlin}, J.~L. and {DeLaunay}, J. and {Newberg}, H.~J. and
	{Deng}, L. and {Gole}, D. and {Grabowski}, K. and {Jin}, G. and
	{Liu}, C. and {Liu}, X. and {Luo}, A.-L. and {Yuan}, H. and
	{Zhang}, H. and {Zhao}, G. and {Zhao}, Y.},
    title = "{Substructure in Bulk Velocities of Milky Way Disk Stars}",
  journal = {\apjl},
archivePrefix = "arXiv",
   eprint = {1309.6314},
 keywords = {Galaxy: disk, Galaxy: kinematics and dynamics, Galaxy: stellar content, Galaxy: structure, stars: kinematics and dynamics},
     year = 2013,
    month = nov,
   volume = 777,
      eid = {L5},
    pages = {L5},
      doi = {10.1088/2041-8205/777/1/L5},
   adsurl = {http://adsabs.harvard.edu/abs/2013ApJ...777L...5C},
  adsnote = {Provided by the SAO/NASA Astrophysics Data System}
}

@ARTICLE{yanny13,
   author = {{Yanny}, B. and {Gardner}, S.},
    title = "{The Stellar Number Density Distribution in the Local Solar Neighborhood is North-South Asymmetric}",
  journal = {\apj},
archivePrefix = "arXiv",
   eprint = {1309.2300},
 keywords = {Galaxy: kinematics and dynamics, solar neighborhood },
     year = 2013,
    month = nov,
   volume = 777,
      eid = {91},
    pages = {91},
      doi = {10.1088/0004-637X/777/2/91},
   adsurl = {http://adsabs.harvard.edu/abs/2013ApJ...777...91Y},
  adsnote = {Provided by the SAO/NASA Astrophysics Data System}
}

@ARTICLE{tissera13,
   author = {{Tissera}, P.~B. and {Scannapieco}, C. and {Beers}, T.~C. and
	{Carollo}, D.},
    title = "{Stellar haloes of simulated Milky-Way-like galaxies: chemical and kinematic properties}",
  journal = {\mnras},
archivePrefix = "arXiv",
   eprint = {1301.1301},
 keywords = {Galaxy: structure, galaxies: evolution, galaxies: formation, cosmology: theory},
     year = 2013,
    month = jul,
   volume = 432,
    pages = {3391-3400},
      doi = {10.1093/mnras/stt691},
   adsurl = {http://adsabs.harvard.edu/abs/2013MNRAS.432.3391T},
  adsnote = {Provided by the SAO/NASA Astrophysics Data System}
}

@ARTICLE{gomez13,
   author = {{G{\'o}mez}, F.~A. and {Minchev}, I. and {O'Shea}, B.~W. and
	{Beers}, T.~C. and {Bullock}, J.~S. and {Purcell}, C.~W.},
    title = "{Vertical density waves in the Milky Way disc induced by the Sagittarius dwarf galaxy}",
  journal = {\mnras},
archivePrefix = "arXiv",
   eprint = {1207.3083},
 keywords = {Galaxy: disc, Galaxy: structure, galaxies: formation, galaxies: kinematics and dynamics},
     year = 2013,
    month = feb,
   volume = 429,
    pages = {159-164},
      doi = {10.1093/mnras/sts327},
   adsurl = {http://adsabs.harvard.edu/abs/2013MNRAS.429..159G},
  adsnote = {Provided by the SAO/NASA Astrophysics Data System}
}

@ARTICLE{sheffield12,
   author = {{Sheffield}, A.~A. and {Majewski}, S.~R. and {Johnston}, K.~V. and
	{Cunha}, K. and {Smith}, V.~V. and {Cheung}, A.~M. and {Hampton}, C.~M. and
	{David}, T.~J. and {Wagner-Kaiser}, R. and {Johnson}, M.~C. and
	{Kaplan}, E. and {Miller}, J. and {Patterson}, R.~J.},
    title = "{Identifying Contributions to the Stellar Halo from Accreted, Kicked-out, and In Situ Populations}",
  journal = {\apj},
archivePrefix = "arXiv",
   eprint = {1202.5310},
 primaryClass = "astro-ph.GA",
 keywords = {Galaxy: disk, Galaxy: evolution, Galaxy: formation, Galaxy: halo, Galaxy: kinematics and dynamics, solar neighborhood, stars: abundances},
     year = 2012,
    month = dec,
   volume = 761,
      eid = {161},
    pages = {161},
      doi = {10.1088/0004-637X/761/2/161},
   adsurl = {http://adsabs.harvard.edu/abs/2012ApJ...761..161S},
  adsnote = {Provided by the SAO/NASA Astrophysics Data System}
}

@ARTICLE{li12,
   author = {{Li}, J. and {Newberg}, H.~J. and {Carlin}, J.~L. and {Deng}, L. and
	{Newby}, M. and {Willett}, B.~A. and {Xu}, Y. and {Luo}, Z.},
    title = "{On Rings and Streams in the Galactic Anti-Center}",
  journal = {\apj},
archivePrefix = "arXiv",
   eprint = {1206.3842},
 keywords = {Galaxy: disk, Galaxy: halo, Galaxy: stellar content, Galaxy: structure},
     year = 2012,
    month = oct,
   volume = 757,
      eid = {151},
    pages = {151},
      doi = {10.1088/0004-637X/757/2/151},
   adsurl = {http://adsabs.harvard.edu/abs/2012ApJ...757..151L},
  adsnote = {Provided by the SAO/NASA Astrophysics Data System}
}

@ARTICLE{cui12,
   author = {{Cui}, X.-Q. and {Zhao}, Y.-H. and {Chu}, Y.-Q. and {Li}, G.-P. and
	{Li}, Q. and {Zhang}, L.-P. and {Su}, H.-J. and {Yao}, Z.-Q. and
	{Wang}, Y.-N. and {Xing}, X.-Z. and {Li}, X.-N. and {Zhu}, Y.-T. and
	{Wang}, G. and {Gu}, B.-Z. and {Luo}, A.-L. and {Xu}, X.-Q. and
	{Zhang}, Z.-C. and {Liu}, G.-R. and {Zhang}, H.-T. and {Yang}, D.-H. and
	{Cao}, S.-Y. and {Chen}, H.-Y. and {Chen}, J.-J. and {Chen}, K.-X. and
	{Chen}, Y. and {Chu}, J.-R. and {Feng}, L. and {Gong}, X.-F. and
	{Hou}, Y.-H. and {Hu}, H.-Z. and {Hu}, N.-S. and {Hu}, Z.-W. and
	{Jia}, L. and {Jiang}, F.-H. and {Jiang}, X. and {Jiang}, Z.-B. and
	{Jin}, G. and {Li}, A.-H. and {Li}, Y. and {Li}, Y.-P. and {Liu}, G.-Q. and
	{Liu}, Z.-G. and {Lu}, W.-Z. and {Mao}, Y.-D. and {Men}, L. and
	{Qi}, Y.-J. and {Qi}, Z.-X. and {Shi}, H.-M. and {Tang}, Z.-H. and
	{Tao}, Q.-S. and {Wang}, D.-Q. and {Wang}, D. and {Wang}, G.-M. and
	{Wang}, H. and {Wang}, J.-N. and {Wang}, J. and {Wang}, J.-L. and
	{Wang}, J.-P. and {Wang}, L. and {Wang}, S.-Q. and {Wang}, Y. and
	{Wang}, Y.-F. and {Xu}, L.-Z. and {Xu}, Y. and {Yang}, S.-H. and
	{Yu}, Y. and {Yuan}, H. and {Yuan}, X.-Y. and {Zhai}, C. and
	{Zhang}, J. and {Zhang}, Y.-X. and {Zhang}, Y. and {Zhao}, M. and
	{Zhou}, F. and {Zhou}, G.-H. and {Zhu}, J. and {Zou}, S.-C.},
    title = "{The Large Sky Area Multi-Object Fiber Spectroscopic Telescope (LAMOST)}",
  journal = {Research in Astronomy and Astrophysics},
     year = 2012,
    month = sep,
   volume = 12,
    pages = {1197-1242},
      doi = {10.1088/1674-4527/12/9/003},
   adsurl = {http://adsabs.harvard.edu/abs/2012RAA....12.1197C},
  adsnote = {Provided by the SAO/NASA Astrophysics Data System}
}

@ARTICLE{deng12,
   author = {{Deng}, L.-C. and {Newberg}, H.~J. and {Liu}, C. and {Carlin}, J.~L. and
	{Beers}, T.~C. and {Chen}, L. and {Chen}, Y.-Q. and {Christlieb}, N. and
	{Grillmair}, C.~J. and {Guhathakurta}, P. and {Han}, Z.-W. and
	{Hou}, J.-L. and {Lee}, H.-T. and {L{\'e}pine}, S. and {Li}, J. and
	{Liu}, X.-W. and {Pan}, K.-K. and {Sellwood}, J.~A. and {Wang}, B. and
	{Wang}, H.-C. and {Yang}, F. and {Yanny}, B. and {Zhang}, H.-T. and
	{Zhang}, Y.-Y. and {Zheng}, Z. and {Zhu}, Z.},
    title = "{LAMOST Experiment for Galactic Understanding and Exploration (LEGUE) {\mdash} The survey's science plan}",
  journal = {Research in Astronomy and Astrophysics},
archivePrefix = "arXiv",
   eprint = {1206.3578},
     year = 2012,
    month = jul,
   volume = 12,
    pages = {735-754},
      doi = {10.1088/1674-4527/12/7/003},
   adsurl = {http://adsabs.harvard.edu/abs/2012RAA....12..735D},
  adsnote = {Provided by the SAO/NASA Astrophysics Data System}
}

@ARTICLE{zhao12,
   author = {{Zhao}, G. and {Zhao}, Y.-H. and {Chu}, Y.-Q. and {Jing}, Y.-P. and
	{Deng}, L.-C.},
    title = "{LAMOST spectral survey {\mdash} An overview}",
  journal = {Research in Astronomy and Astrophysics},
     year = 2012,
    month = jul,
   volume = 12,
    pages = {723-734},
      doi = {10.1088/1674-4527/12/7/002},
   adsurl = {http://adsabs.harvard.edu/abs/2012RAA....12..723Z},
  adsnote = {Provided by the SAO/NASA Astrophysics Data System}
}

@ARTICLE{widrow12,
   author = {{Widrow}, L.~M. and {Gardner}, S. and {Yanny}, B. and {Dodelson}, S. and
	{Chen}, H.-Y.},
    title = "{Galactoseismology: Discovery of Vertical Waves in the Galactic Disk}",
  journal = {\apjl},
archivePrefix = "arXiv",
   eprint = {1203.6861},
 keywords = {Galaxy: kinematics and dynamics, solar neighborhood},
     year = 2012,
    month = may,
   volume = 750,
      eid = {L41},
    pages = {L41},
      doi = {10.1088/2041-8205/750/2/L41},
   adsurl = {http://adsabs.harvard.edu/abs/2012ApJ...750L..41W},
  adsnote = {Provided by the SAO/NASA Astrophysics Data System}
}

@ARTICLE{gomez12,
   author = {{G{\'o}mez}, F.~A. and {Minchev}, I. and {Villalobos}, {\'A}. and
	{O'Shea}, B.~W. and {Williams}, M.~E.~K.},
    title = "{Signatures of minor mergers in Milky Way like disc kinematics: ringing revisited}",
  journal = {\mnras},
archivePrefix = "arXiv",
   eprint = {1105.4231},
 keywords = {methods: analytical, methods: numerical, galaxies: formation, galaxies: kinematics and dynamics},
     year = 2012,
    month = jan,
   volume = 419,
    pages = {2163-2172},
      doi = {10.1111/j.1365-2966.2011.19867.x},
   adsurl = {http://adsabs.harvard.edu/abs/2012MNRAS.419.2163G},
  adsnote = {Provided by the SAO/NASA Astrophysics Data System}
}

@ARTICLE{chakrabarti12,
   author = {{Chakrabarti}, S. and {Bigiel}, F. and {Chang}, P. and {Blitz}, L.
	},
    title = "{Finding Dwarf Galaxies from Their Tidal Imprints}",
  journal = {\apj},
archivePrefix = "arXiv",
   eprint = {1101.0815},
 keywords = {dark matter, galaxies: dwarf, galaxies: evolution, galaxies: interactions, galaxies: spiral, hydrodynamics},
     year = 2011,
    month = dec,
   volume = 743,
      eid = {35},
    pages = {35},
      doi = {10.1088/0004-637X/743/1/35},
   adsurl = {http://adsabs.harvard.edu/abs/2011ApJ...743...35C},
  adsnote = {Provided by the SAO/NASA Astrophysics Data System}
}

@ARTICLE{purcell11,
   author = {{Purcell}, C.~W. and {Bullock}, J.~S. and {Tollerud}, E.~J. and
	{Rocha}, M. and {Chakrabarti}, S.},
    title = "{The Sagittarius impact as an architect of spirality and outer rings in the Milky Way}",
  journal = {\nat},
archivePrefix = "arXiv",
   eprint = {1109.2918},
 primaryClass = "astro-ph.GA",
     year = 2011,
    month = sep,
   volume = 477,
    pages = {301-303},
      doi = {10.1038/nature10417},
   adsurl = {http://adsabs.harvard.edu/abs/2011Natur.477..301P},
  adsnote = {Provided by the SAO/NASA Astrophysics Data System}
}

@ARTICLE{micheldansac111,
   author = {{Michel-Dansac}, L. and {Abadi}, M.~G. and {Navarro}, J.~F. and
	{Steinmetz}, M.},
    title = "{A Sagittarius-induced origin for the Monoceros ring}",
  journal = {\mnras},
archivePrefix = "arXiv",
   eprint = {1102.4463},
 primaryClass = "astro-ph.GA",
 keywords = {galaxies: stellar content, Galaxy: halo, Galaxy: kinematics and dynamics, Galaxy: structure, galaxies: individual: Sagittarius, Local Group},
     year = 2011,
    month = jun,
   volume = 414,
    pages = {L1-L5},
      doi = {10.1111/j.1745-3933.2011.01035.x},
   adsurl = {http://adsabs.harvard.edu/abs/2011MNRAS.414L...1M},
  adsnote = {Provided by the SAO/NASA Astrophysics Data System}
}

@ARTICLE{chou11,
   author = {{Chou}, M.-Y. and {Majewski}, S.~R. and {Cunha}, K. and {Smith}, V.~V. and
	{Patterson}, R.~J. and {Mart{\'{\i}}nez-Delgado}, D.},
    title = "{First Chemical Analysis of Stars in the Triangulum--Andromeda Star Cloud}",
  journal = {\apjl},
archivePrefix = "arXiv",
   eprint = {1103.0962},
 keywords = {galaxies: interactions, Galaxy: halo, Galaxy: structure, stars: abundances},
     year = 2011,
    month = apr,
   volume = 731,
      eid = {L30},
    pages = {L30},
      doi = {10.1088/2041-8205/731/2/L30},
   adsurl = {http://adsabs.harvard.edu/abs/2011ApJ...731L..30C},
  adsnote = {Provided by the SAO/NASA Astrophysics Data System}
}

@ARTICLE{chakrabarti11,
   author = {{Chakrabarti}, S. and {Blitz}, L.},
    title = "{Tidal Imprints of a Dark Sub-halo on the Outskirts of the Milky Way. II. Perturber Azimuth}",
  journal = {\apj},
archivePrefix = "arXiv",
   eprint = {1007.1982},
 keywords = {galaxies: dwarf, galaxies: evolution, galaxies: individual: Milky Way, methods: numerical},
     year = 2011,
    month = apr,
   volume = 731,
      eid = {40},
    pages = {40},
      doi = {10.1088/0004-637X/731/1/40},
   adsurl = {http://adsabs.harvard.edu/abs/2011ApJ...731...40C},
  adsnote = {Provided by the SAO/NASA Astrophysics Data System}
}

@ARTICLE{kirby11,
   author = {{Kirby}, E.~N. and {Lanfranchi}, G.~A. and {Simon}, J.~D. and
	{Cohen}, J.~G. and {Guhathakurta}, P.},
    title = "{Multi-element Abundance Measurements from Medium-resolution Spectra. III. Metallicity Distributions of Milky Way Dwarf Satellite Galaxies}",
  journal = {\apj},
archivePrefix = "arXiv",
   eprint = {1011.4937},
 primaryClass = "astro-ph.GA",
 keywords = {galaxies: abundances, galaxies: dwarf, galaxies: evolution, Local Group},
     year = 2011,
    month = feb,
   volume = 727,
      eid = {78},
    pages = {78},
      doi = {10.1088/0004-637X/727/2/78},
   adsurl = {http://adsabs.harvard.edu/abs/2011ApJ...727...78K},
  adsnote = {Provided by the SAO/NASA Astrophysics Data System}
}

@ARTICLE{carlin10,
   author = {{Carlin}, J.~L. and {Casetti-Dinescu}, D.~I. and {Grillmair}, C.~J. and
	{Majewski}, S.~R. and {Girard}, T.~M.},
    title = "{Kinematics in Kapteyn's Selected Area 76: Orbital Motions Within the Highly Substructured Anticenter Stream}",
  journal = {\apj},
archivePrefix = "arXiv",
   eprint = {1010.5257},
 keywords = {astrometry, galaxies: dwarf, Galaxy: kinematics and dynamics, Galaxy: stellar content, Galaxy: structure, Local Group, stars: abundances, stars: kinematics and dynamics},
     year = 2010,
    month = dec,
   volume = 725,
    pages = {2290-2311},
      doi = {10.1088/0004-637X/725/2/2290},
   adsurl = {http://adsabs.harvard.edu/abs/2010ApJ...725.2290C},
  adsnote = {Provided by the SAO/NASA Astrophysics Data System}
}

@ARTICLE{sharma10,
   author = {{Sharma}, S. and {Johnston}, K.~V. and {Majewski}, S.~R. and
	{Mu{\~n}oz}, R.~R. and {Carlberg}, J.~K. and {Bullock}, J.},
    title = "{Group Finding in the Stellar Halo Using M-giants in the Two Micron All Sky Survey: An Extended View of the Pisces Overdensity?}",
  journal = {\apj},
archivePrefix = "arXiv",
   eprint = {1009.0924},
 keywords = {galaxies: halos, galaxies: structure, methods: data analysis, methods: numerical},
     year = 2010,
    month = oct,
   volume = 722,
    pages = {750-759},
      doi = {10.1088/0004-637X/722/1/750},
   adsurl = {http://adsabs.harvard.edu/abs/2010ApJ...722..750S},
  adsnote = {Provided by the SAO/NASA Astrophysics Data System}
}

@ARTICLE{martinezdelgado10,
   author = {{Mart{\'{\i}}nez-Delgado}, D. and {Gabany}, R.~J. and {Crawford}, K. and
	{Zibetti}, S. and {Majewski}, S.~R. and {Rix}, H.-W. and {Fliri}, J. and
	{Carballo-Bello}, J.~A. and {Bardalez-Gagliuffi}, D.~C. and
	{Pe{\~n}arrubia}, J. and {Chonis}, T.~S. and {Madore}, B. and
	{Trujillo}, I. and {Schirmer}, M. and {McDavid}, D.~A.},
    title = "{Stellar Tidal Streams in Spiral Galaxies of the Local Volume: A Pilot Survey with Modest Aperture Telescopes}",
  journal = {\aj},
archivePrefix = "arXiv",
   eprint = {1003.4860},
 keywords = {dark matter, galaxies: dwarf, galaxies: evolution, galaxies: halos, galaxies: interactions, galaxies: structure},
     year = 2010,
    month = oct,
   volume = 140,
    pages = {962-967},
      doi = {10.1088/0004-6256/140/4/962},
   adsurl = {http://adsabs.harvard.edu/abs/2010AJ....140..962M},
  adsnote = {Provided by the SAO/NASA Astrophysics Data System}
}

@ARTICLE{zolotov10,
   author = {{Zolotov}, A. and {Willman}, B. and {Brooks}, A.~M. and {Governato}, F. and
	{Hogg}, D.~W. and {Shen}, S. and {Wadsley}, J.},
    title = "{The Dual Origin of Stellar Halos. II. Chemical Abundances as Tracers of Formation History}",
  journal = {\apj},
archivePrefix = "arXiv",
   eprint = {1004.3789},
 keywords = {Galaxy: abundances, Galaxy: formation, Galaxy: halo, methods: numerical},
     year = 2010,
    month = sep,
   volume = 721,
    pages = {738-743},
      doi = {10.1088/0004-637X/721/1/738},
   adsurl = {http://adsabs.harvard.edu/abs/2010ApJ...721..738Z},
  adsnote = {Provided by the SAO/NASA Astrophysics Data System}
}

@INPROCEEDINGS{kaiser10,
   author = {{Kaiser}, N. and {Burgett}, W. and {Chambers}, K. and {Denneau}, L. and
	{Heasley}, J. and {Jedicke}, R. and {Magnier}, E. and {Morgan}, J. and
	{Onaka}, P. and {Tonry}, J.},
    title = "{The Pan-STARRS wide-field optical/NIR imaging survey}",
booktitle = {Ground-based and Airborne Telescopes III},
     year = 2010,
   series = {\procspie},
   volume = 7733,
    month = jul,
      eid = {77330E},
    pages = {77330E},
      doi = {10.1117/12.859188},
   adsurl = {http://adsabs.harvard.edu/abs/2010SPIE.7733E..0EK},
  adsnote = {Provided by the SAO/NASA Astrophysics Data System}
}

@ARTICLE{purcell10,
   author = {{Purcell}, C.~W. and {Bullock}, J.~S. and {Kazantzidis}, S.},
    title = "{Heated disc stars in the stellar halo}",
  journal = {\mnras},
archivePrefix = "arXiv",
   eprint = {0910.5481},
 keywords = {galaxies: evolution, galaxies: formation, cosmology: theory},
     year = 2010,
    month = jun,
   volume = 404,
    pages = {1711-1718},
      doi = {10.1111/j.1365-2966.2010.16429.x},
   adsurl = {http://adsabs.harvard.edu/abs/2010MNRAS.404.1711P},
  adsnote = {Provided by the SAO/NASA Astrophysics Data System}
}

@ARTICLE{law10,
   author = {{Law}, D.~R. and {Majewski}, S.~R.},
    title = "{The Sagittarius Dwarf Galaxy: A Model for Evolution in a Triaxial Milky Way Halo}",
  journal = {\apj},
archivePrefix = "arXiv",
   eprint = {1003.1132},
 keywords = {dark matter, galaxies: individual: Sagittarius, Galaxy: kinematics and dynamics, Galaxy: structure},
     year = 2010,
    month = may,
   volume = 714,
    pages = {229-254},
      doi = {10.1088/0004-637X/714/1/229},
   adsurl = {http://adsabs.harvard.edu/abs/2010ApJ...714..229L},
  adsnote = {Provided by the SAO/NASA Astrophysics Data System}
}

@ARTICLE{koposov10,
   author = {{Koposov}, S.~E. and {Rix}, H.-W. and {Hogg}, D.~W.},
    title = "{Constraining the Milky Way Potential with a Six-Dimensional Phase-Space Map of the GD-1 Stellar Stream}",
  journal = {\apj},
archivePrefix = "arXiv",
   eprint = {0907.1085},
 primaryClass = "astro-ph.GA",
 keywords = {Galaxy: fundamental parameters, Galaxy: halo, Galaxy: kinematics and dynamics, methods: statistical, stars: kinematics and dynamics, surveys},
     year = 2010,
    month = mar,
   volume = 712,
    pages = {260-273},
      doi = {10.1088/0004-637X/712/1/260},
   adsurl = {http://adsabs.harvard.edu/abs/2010ApJ...712..260K},
  adsnote = {Provided by the SAO/NASA Astrophysics Data System}
}

@ARTICLE{chakrabarti09,
   author = {{Chakrabarti}, S. and {Blitz}, L.},
    title = "{Tidal imprints of a dark subhalo on the outskirts of the Milky Way}",
  journal = {\mnras},
archivePrefix = "arXiv",
   eprint = {0812.0821},
 keywords = {methods: numerical , Galaxy: evolution , Galaxy: kinematics and dynamics , Galaxy: structure},
     year = 2009,
    month = oct,
   volume = 399,
    pages = {L118-L122},
      doi = {10.1111/j.1745-3933.2009.00735.x},
   adsurl = {http://adsabs.harvard.edu/abs/2009MNRAS.399L.118C},
  adsnote = {Provided by the SAO/NASA Astrophysics Data System}
}

@ARTICLE{sharma09,
   author = {{Sharma}, S. and {Johnston}, K.~V.},
    title = "{A Group Finding Algorithm for Multidimensional Data Sets}",
  journal = {\apj},
 keywords = {galaxies: halos, galaxies: structure, methods: data analysis, methods: numerical},
     year = 2009,
    month = sep,
   volume = 703,
    pages = {1061-1077},
      doi = {10.1088/0004-637X/703/1/1061},
   adsurl = {http://adsabs.harvard.edu/abs/2009ApJ...703.1061S},
  adsnote = {Provided by the SAO/NASA Astrophysics Data System}
}

@ARTICLE{zolotov09,
   author = {{Zolotov}, A. and {Willman}, B. and {Brooks}, A.~M. and {Governato}, F. and
	{Brook}, C.~B. and {Hogg}, D.~W. and {Quinn}, T. and {Stinson}, G.
	},
    title = "{The Dual Origin of Stellar Halos}",
  journal = {\apj},
archivePrefix = "arXiv",
   eprint = {0904.3333},
 primaryClass = "astro-ph.GA",
 keywords = {Galaxy: formation, Galaxy: halo, galaxies: formation, galaxies: halos, methods: N-body simulations},
     year = 2009,
    month = sep,
   volume = 702,
    pages = {1058-1067},
      doi = {10.1088/0004-637X/702/2/1058},
   adsurl = {http://adsabs.harvard.edu/abs/2009ApJ...702.1058Z},
  adsnote = {Provided by the SAO/NASA Astrophysics Data System}
}

@ARTICLE{yanny09,
   author = {{Yanny}, B. and {Rockosi}, C. and {Newberg}, H.~J. and {Knapp}, G.~R. and
	{Adelman-McCarthy}, J.~K. and {Alcorn}, B. and {Allam}, S. and
	{Allende Prieto}, C. and {An}, D. and {Anderson}, K.~S.~J. and
	{Anderson}, S. and {Bailer-Jones}, C.~A.~L. and {Bastian}, S. and
	{Beers}, T.~C. and {Bell}, E. and {Belokurov}, V. and {Bizyaev}, D. and
	{Blythe}, N. and {Bochanski}, J.~J. and {Boroski}, W.~N. and
	{Brinchmann}, J. and {Brinkmann}, J. and {Brewington}, H. and
	{Carey}, L. and {Cudworth}, K.~M. and {Evans}, M. and {Evans}, N.~W. and
	{Gates}, E. and {G{\"a}nsicke}, B.~T. and {Gillespie}, B. and
	{Gilmore}, G. and {Nebot Gomez-Moran}, A. and {Grebel}, E.~K. and
	{Greenwell}, J. and {Gunn}, J.~E. and {Jordan}, C. and {Jordan}, W. and
	{Harding}, P. and {Harris}, H. and {Hendry}, J.~S. and {Holder}, D. and
	{Ivans}, I.~I. and {Ivezi{\v c}}, {\v Z}. and {Jester}, S. and
	{Johnson}, J.~A. and {Kent}, S.~M. and {Kleinman}, S. and {Kniazev}, A. and
	{Krzesinski}, J. and {Kron}, R. and {Kuropatkin}, N. and {Lebedeva}, S. and
	{Lee}, Y.~S. and {French Leger}, R. and {L{\'e}pine}, S. and
	{Levine}, S. and {Lin}, H. and {Long}, D.~C. and {Loomis}, C. and
	{Lupton}, R. and {Malanushenko}, O. and {Malanushenko}, V. and
	{Margon}, B. and {Martinez-Delgado}, D. and {McGehee}, P. and
	{Monet}, D. and {Morrison}, H.~L. and {Munn}, J.~A. and {Neilsen}, Jr., E.~H. and
	{Nitta}, A. and {Norris}, J.~E. and {Oravetz}, D. and {Owen}, R. and
	{Padmanabhan}, N. and {Pan}, K. and {Peterson}, R.~S. and {Pier}, J.~R. and
	{Platson}, J. and {Re Fiorentin}, P. and {Richards}, G.~T. and
	{Rix}, H.-W. and {Schlegel}, D.~J. and {Schneider}, D.~P. and
	{Schreiber}, M.~R. and {Schwope}, A. and {Sibley}, V. and {Simmons}, A. and
	{Snedden}, S.~A. and {Allyn Smith}, J. and {Stark}, L. and {Stauffer}, F. and
	{Steinmetz}, M. and {Stoughton}, C. and {SubbaRao}, M. and {Szalay}, A. and
	{Szkody}, P. and {Thakar}, A.~R. and {Sivarani}, T. and {Tucker}, D. and
	{Uomoto}, A. and {Vanden Berk}, D. and {Vidrih}, S. and {Wadadekar}, Y. and
	{Watters}, S. and {Wilhelm}, R. and {Wyse}, R.~F.~G. and {Yarger}, J. and
	{Zucker}, D.},
    title = "{SEGUE: A Spectroscopic Survey of 240,000 Stars with g = 14-20}",
  journal = {\aj},
archivePrefix = "arXiv",
   eprint = {0902.1781},
 primaryClass = "astro-ph.GA",
 keywords = {Galaxy: halo, Galaxy: stellar content, Galaxy: structure, stars: abundances, stars: fundamental parameters, stars: general},
     year = 2009,
    month = may,
   volume = 137,
      eid = {4377-4399},
    pages = {4377-4399},
      doi = {10.1088/0004-6256/137/5/4377},
   adsurl = {http://adsabs.harvard.edu/abs/2009AJ....137.4377Y},
  adsnote = {Provided by the SAO/NASA Astrophysics Data System}
}

@ARTICLE{johnston08,
   author = {{Johnston}, K.~V. and {Bullock}, J.~S. and {Sharma}, S. and
	{Font}, A. and {Robertson}, B.~E. and {Leitner}, S.~N.},
    title = "{Tracing Galaxy Formation with Stellar Halos. II. Relating Substructure in Phase and Abundance Space to Accretion Histories}",
  journal = {\apj},
archivePrefix = "arXiv",
   eprint = {0807.3911},
 keywords = {dark matter, galaxies: dwarf, galaxies: evolution, galaxies: formation, galaxies: halos, galaxies: kinematics and dynamics, Galaxy: evolution, Galaxy: formation, Galaxy: halo, Galaxy: kinematics and dynamics, Local Group },
     year = 2008,
    month = dec,
   volume = 689,
      eid = {936-957},
    pages = {936-957},
      doi = {10.1086/592228},
   adsurl = {http://adsabs.harvard.edu/abs/2008ApJ...689..936J},
  adsnote = {Provided by the SAO/NASA Astrophysics Data System}
}

@ARTICLE{kazantzidis08,
   author = {{Kazantzidis}, S. and {Bullock}, J.~S. and {Zentner}, A.~R. and
	{Kravtsov}, A.~V. and {Moustakas}, L.~A.},
    title = "{Cold Dark Matter Substructure and Galactic Disks. I. Morphological Signatures of Hierarchical Satellite Accretion}",
  journal = {\apj},
archivePrefix = "arXiv",
   eprint = {0708.1949},
 keywords = {cosmology: theory, dark matter, galaxies: formation, galaxies: kinematics and dynamics, galaxies: structure, methods: numerical},
     year = 2008,
    month = nov,
   volume = 688,
      eid = {254-276},
    pages = {254-276},
      doi = {10.1086/591958},
   adsurl = {http://adsabs.harvard.edu/abs/2008ApJ...688..254K},
  adsnote = {Provided by the SAO/NASA Astrophysics Data System}
}

@ARTICLE{ivezic08,
   author = {{Ivezic}, Z. and {Axelrod}, T. and {Brandt}, W.~N. and {Burke}, D.~L. and
	{Claver}, C.~F. and {Connolly}, A. and {Cook}, K.~H. and {Gee}, P. and
	{Gilmore}, D.~K. and {Jacoby}, S.~H. and {Jones}, R.~L. and
	{Kahn}, S.~M. and {Kantor}, J.~P. and {Krabbendam}, V.~V. and
	{Lupton}, R.~H. and {Monet}, D.~G. and {Pinto}, P.~A. and {Saha}, A. and
	{Schalk}, T.~L. and {Schneider}, D.~P. and {Strauss}, M.~A. and
	{Stubbs}, C.~W. and {Sweeney}, D. and {Szalay}, A. and {Thaler}, J.~J. and
	{Tyson}, J.~A. and {LSST Collaboration}},
    title = "{Large Synoptic Survey Telescope: From Science Drivers To Reference Design}",
  journal = {Serbian Astronomical Journal},
 keywords = {Astronomical data bases: miscellaneous, Atlases, Catalogs, Surveys, Solar system: general, Stars: general, Galaxy: general, Galaxies: general, Cosmology: miscellaneous},
     year = 2008,
    month = jun,
   volume = 176,
    pages = {1-13},
      doi = {10.2298/SAJ0876001I},
   adsurl = {http://adsabs.harvard.edu/abs/2008SerAJ.176....1I},
  adsnote = {Provided by the SAO/NASA Astrophysics Data System}
}

@ARTICLE{younger08,
   author = {{Younger}, J.~D. and {Besla}, G. and {Cox}, T.~J. and {Hernquist}, L. and
	{Robertson}, B. and {Willman}, B.},
    title = "{On the Origin of Dynamically Cold Rings around the Milky Way}",
  journal = {\apjl},
archivePrefix = "arXiv",
   eprint = {0802.0872},
 keywords = {galaxies: interactions, galaxies: structure, Galaxy: kinematics and dynamics, Galaxy: structure, methods: N-body simulations },
     year = 2008,
    month = mar,
   volume = 676,
      eid = {L21},
    pages = {L21},
      doi = {10.1086/587099},
   adsurl = {http://adsabs.harvard.edu/abs/2008ApJ...676L..21Y},
  adsnote = {Provided by the SAO/NASA Astrophysics Data System}
}

@ARTICLE{ibata07,
   author = {{Ibata}, R. and {Martin}, N.~F. and {Irwin}, M. and {Chapman}, S. and
	{Ferguson}, A.~M.~N. and {Lewis}, G.~F. and {McConnachie}, A.~W.
	},
    title = "{The Haunted Halos of Andromeda and Triangulum: A Panorama of Galaxy Formation in Action}",
  journal = {\apj},
archivePrefix = "arXiv",
   eprint = {0704.1318},
 keywords = {Galaxies: Evolution, Galaxies: Individual: Messier Number: M31, Galaxies: Individual: Messier Number: M33, Galaxies: Structure, Galaxies: Local Group},
     year = 2007,
    month = dec,
   volume = 671,
    pages = {1591-1623},
      doi = {10.1086/522574},
   adsurl = {http://adsabs.harvard.edu/abs/2007ApJ...671.1591I},
  adsnote = {Provided by the SAO/NASA Astrophysics Data System}
}

@ARTICLE{martin07,
   author = {{Martin}, N.~F. and {Ibata}, R.~A. and {Irwin}, M.},
    title = "{Galactic Halo Stellar Structures in the Triangulum-Andromeda Region}",
  journal = {\apjl},
   eprint = {astro-ph/0703506},
 keywords = {Galaxy: Evolution, Galaxy: Halo, Galaxy: Structure, Galaxies: Local Group},
     year = 2007,
    month = oct,
   volume = 668,
    pages = {L123-L126},
      doi = {10.1086/522791},
   adsurl = {http://adsabs.harvard.edu/abs/2007ApJ...668L.123M},
  adsnote = {Provided by the SAO/NASA Astrophysics Data System}
}

@ARTICLE{penarrubia06,
   author = {{Pe{\~n}arrubia}, J. and {McConnachie}, A. and {Babul}, A.},
    title = "{On the Formation of Extended Galactic Disks by Tidally Disrupted Dwarf Galaxies}",
  journal = {\apjl},
   eprint = {astro-ph/0606101},
 keywords = {Galaxies: Dwarf, Galaxies: Formation, Galaxies: Spiral, Galaxies: Structure, Methods: n-Body Simulations},
     year = 2006,
    month = oct,
   volume = 650,
    pages = {L33-L36},
      doi = {10.1086/508656},
   adsurl = {http://adsabs.harvard.edu/abs/2006ApJ...650L..33P},
  adsnote = {Provided by the SAO/NASA Astrophysics Data System}
}

@ARTICLE{steinmetz06,
   author = {{Steinmetz}, M. and {Zwitter}, T. and {Siebert}, A. and {Watson}, F.~G. and
	{Freeman}, K.~C. and {Munari}, U. and {Campbell}, R. and {Williams}, M. and
	{Seabroke}, G.~M. and {Wyse}, R.~F.~G. and {Parker}, Q.~A. and
	{Bienaym{\'e}}, O. and {Roeser}, S. and {Gibson}, B.~K. and
	{Gilmore}, G. and {Grebel}, E.~K. and {Helmi}, A. and {Navarro}, J.~F. and
	{Burton}, D. and {Cass}, C.~J.~P. and {Dawe}, J.~A. and {Fiegert}, K. and
	{Hartley}, M. and {Russell}, K.~S. and {Saunders}, W. and {Enke}, H. and
	{Bailin}, J. and {Binney}, J. and {Bland-Hawthorn}, J. and {Boeche}, C. and
	{Dehnen}, W. and {Eisenstein}, D.~J. and {Evans}, N.~W. and
	{Fiorucci}, M. and {Fulbright}, J.~P. and {Gerhard}, O. and
	{Jauregi}, U. and {Kelz}, A. and {Mijovi{\'c}}, L. and {Minchev}, I. and
	{Parmentier}, G. and {Pe{\~n}arrubia}, J. and {Quillen}, A.~C. and
	{Read}, M.~A. and {Ruchti}, G. and {Scholz}, R.-D. and {Siviero}, A. and
	{Smith}, M.~C. and {Sordo}, R. and {Veltz}, L. and {Vidrih}, S. and
	{von Berlepsch}, R. and {Boyle}, B.~J. and {Schilbach}, E.},
    title = "{The Radial Velocity Experiment (RAVE): First Data Release}",
  journal = {\aj},
   eprint = {astro-ph/0606211},
 keywords = {Catalogs, Stars: Fundamental Parameters, Surveys},
     year = 2006,
    month = oct,
   volume = 132,
    pages = {1645-1668},
      doi = {10.1086/506564},
   adsurl = {http://adsabs.harvard.edu/abs/2006AJ....132.1645S},
  adsnote = {Provided by the SAO/NASA Astrophysics Data System}
}

@ARTICLE{belokurov06,
   author = {{Belokurov}, V. and {Zucker}, D.~B. and {Evans}, N.~W. and {Gilmore}, G. and
	{Vidrih}, S. and {Bramich}, D.~M. and {Newberg}, H.~J. and {Wyse}, R.~F.~G. and
	{Irwin}, M.~J. and {Fellhauer}, M. and {Hewett}, P.~C. and {Walton}, N.~A. and
	{Wilkinson}, M.~I. and {Cole}, N. and {Yanny}, B. and {Rockosi}, C.~M. and
	{Beers}, T.~C. and {Bell}, E.~F. and {Brinkmann}, J. and {Ivezi{\'c}}, {\v Z}. and
	{Lupton}, R.},
    title = "{The Field of Streams: Sagittarius and Its Siblings}",
  journal = {\apjl},
   eprint = {astro-ph/0605025},
 keywords = {Galaxies: Individual: Name: Sagittarius dSph, Galaxies: Kinematics and Dynamics, Galaxies: Structure, Galaxy: Halo, Galaxies: Local Group},
     year = 2006,
    month = may,
   volume = 642,
    pages = {L137-L140},
      doi = {10.1086/504797},
   adsurl = {http://adsabs.harvard.edu/abs/2006ApJ...642L.137B},
  adsnote = {Provided by the SAO/NASA Astrophysics Data System}
}

@ARTICLE{momany06,
   author = {{Momany}, Y. and {Zaggia}, S. and {Gilmore}, G. and {Piotto}, G. and
	{Carraro}, G. and {Bedin}, L.~R. and {de Angeli}, F.},
    title = "{Outer structure of the Galactic warp and flare: explaining the Canis Major over-density}",
  journal = {\aap},
   eprint = {astro-ph/0603385},
     year = 2006,
    month = may,
   volume = 451,
    pages = {515-538},
      doi = {10.1051/0004-6361:20054081},
   adsurl = {http://adsabs.harvard.edu/abs/2006A%26A...451..515M},
  adsnote = {Provided by the SAO/NASA Astrophysics Data System}
}

@ARTICLE{weinberg06,
   author = {{Weinberg}, M.~D. and {Blitz}, L.},
    title = "{A Magellanic Origin for the Warp of the Galaxy}",
  journal = {\apjl},
   eprint = {astro-ph/0601694},
 keywords = {Galaxy: Disk, Galaxy: Kinematics and Dynamics, Galaxy: Structure},
     year = 2006,
    month = apr,
   volume = 641,
    pages = {L33-L36},
      doi = {10.1086/503607},
   adsurl = {http://adsabs.harvard.edu/abs/2006ApJ...641L..33W},
  adsnote = {Provided by the SAO/NASA Astrophysics Data System}
}

@ARTICLE{abadi06,
   author = {{Abadi}, M.~G. and {Navarro}, J.~F. and {Steinmetz}, M.},
    title = "{Stars beyond galaxies: the origin of extended luminous haloes around galaxies}",
  journal = {\mnras},
   eprint = {astro-ph/0506659},
 keywords = {Galaxy: disc, Galaxy: formation, Galaxy: kinematics and dynamics, Galaxy: structure},
     year = 2006,
    month = jan,
   volume = 365,
    pages = {747-758},
      doi = {10.1111/j.1365-2966.2005.09789.x},
   adsurl = {http://adsabs.harvard.edu/abs/2006MNRAS.365..747A},
  adsnote = {Provided by the SAO/NASA Astrophysics Data System}
}

@ARTICLE{bullock05,
   author = {{Bullock}, J.~S. and {Johnston}, K.~V.},
    title = "{Tracing Galaxy Formation with Stellar Halos. I. Methods}",
  journal = {\apj},
   eprint = {astro-ph/0506467},
 keywords = {Cosmology: Dark Matter, Galaxies: Dwarf, Galaxies: Evolution, Galaxies: Formation, Galaxies: Halos, Galaxies: Kinematics and Dynamics, Galaxy: Evolution, Galaxy: Formation, Galaxy: Halo, Galaxy: Kinematics and Dynamics, Galaxies: Local Group},
     year = 2005,
    month = dec,
   volume = 635,
    pages = {931-949},
      doi = {10.1086/497422},
   adsurl = {http://adsabs.harvard.edu/abs/2005ApJ...635..931B},
  adsnote = {Provided by the SAO/NASA Astrophysics Data System}
}

@ARTICLE{ibata05,
   author = {{Ibata}, R. and {Chapman}, S. and {Ferguson}, A.~M.~N. and {Lewis}, G. and
	{Irwin}, M. and {Tanvir}, N.},
    title = "{On the Accretion Origin of a Vast Extended Stellar Disk around the Andromeda Galaxy}",
  journal = {\apj},
   eprint = {astro-ph/0504164},
 keywords = {Galaxies: Evolution- Galaxies: Individual: Messier Number: M31, Galaxies: Structure, Galaxies: Local Group},
     year = 2005,
    month = nov,
   volume = 634,
    pages = {287-313},
      doi = {10.1086/491727},
   adsurl = {http://adsabs.harvard.edu/abs/2005ApJ...634..287I},
  adsnote = {Provided by the SAO/NASA Astrophysics Data System}
}

@ARTICLE{penarrubia05,
   author = {{Pe{\~n}arrubia}, J. and {Mart{\'{\i}}nez-Delgado}, D. and {Rix}, H.~W. and
	{G{\'o}mez-Flechoso}, M.~A. and {Munn}, J. and {Newberg}, H. and
	{Bell}, E.~F. and {Yanny}, B. and {Zucker}, D. and {Grebel}, E.~K.
	},
    title = "{A Comprehensive Model for the Monoceros Tidal Stream}",
  journal = {\apj},
   eprint = {astro-ph/0410448},
 keywords = {Galaxies: Evolution, Galaxies: Formation, Galaxies: Halos, Galaxies: Structure},
     year = 2005,
    month = jun,
   volume = 626,
    pages = {128-144},
      doi = {10.1086/429903},
   adsurl = {http://adsabs.harvard.edu/abs/2005ApJ...626..128P},
  adsnote = {Provided by the SAO/NASA Astrophysics Data System}
}

@ARTICLE{majewski04,
   author = {{Majewski}, S.~R. and {Ostheimer}, J.~C. and {Rocha-Pinto}, H.~J. and
	{Patterson}, R.~J. and {Guhathakurta}, P. and {Reitzel}, D.},
    title = "{Detection of the Main-Sequence Turnoff of a Newly Discovered Milky Way Halo Structure in the Triangulum-Andromeda Region}",
  journal = {\apj},
   eprint = {astro-ph/0406221},
 keywords = {Galaxies: Dwarf, Galaxies: Interactions, Galaxy: Evolution, Galaxy: Halo, Galaxy: Structure, Galaxies: Local Group},
     year = 2004,
    month = nov,
   volume = 615,
    pages = {738-743},
      doi = {10.1086/424586},
   adsurl = {http://adsabs.harvard.edu/abs/2004ApJ...615..738M},
  adsnote = {Provided by the SAO/NASA Astrophysics Data System}
}

@ARTICLE{rochapinto04,
   author = {{Rocha-Pinto}, H.~J. and {Majewski}, S.~R. and {Skrutskie}, M.~F. and
	{Crane}, J.~D. and {Patterson}, R.~J.},
    title = "{Exploring Halo Substructure with Giant Stars: A Diffuse Star Cloud or Tidal Debris around the Milky Way in Triangulum-Andromeda}",
  journal = {\apj},
   eprint = {astro-ph/0405437},
 keywords = {Galaxies: Interactions, Galaxy: Disk, Galaxy: Structure},
     year = 2004,
    month = nov,
   volume = 615,
    pages = {732-737},
      doi = {10.1086/424585},
   adsurl = {http://adsabs.harvard.edu/abs/2004ApJ...615..732R},
  adsnote = {Provided by the SAO/NASA Astrophysics Data System}
}

@ARTICLE{momany04,
   author = {{Momany}, Y. and {Zaggia}, S.~R. and {Bonifacio}, P. and {Piotto}, G. and
	{De Angeli}, F. and {Bedin}, L.~R. and {Carraro}, G.},
    title = "{Probing the Canis Major stellar over-density as due to the Galactic warp}",
  journal = {\aap},
   eprint = {astro-ph/0405526},
 keywords = {astrometry, Galaxy: structure, Galaxy: formation, Galaxies: interactions},
     year = 2004,
    month = jul,
   volume = 421,
    pages = {L29-L32},
      doi = {10.1051/0004-6361:20040183},
   adsurl = {http://adsabs.harvard.edu/abs/2004A%26A...421L..29M},
  adsnote = {Provided by the SAO/NASA Astrophysics Data System}
}

@ARTICLE{majewski03,
   author = {{Majewski}, S.~R. and {Skrutskie}, M.~F. and {Weinberg}, M.~D. and
	{Ostheimer}, J.~C.},
    title = "{A Two Micron All Sky Survey View of the Sagittarius Dwarf Galaxy. I. Morphology of the Sagittarius Core and Tidal Arms}",
  journal = {\apj},
   eprint = {astro-ph/0304198},
 keywords = {Galaxies: Individual: Name: Sagittarius Dwarf, Galaxies: Stellar Content, Galaxy: Halo, Galaxy: Kinematics and Dynamics, Galaxy: Structure, Galaxies: Local Group},
     year = 2003,
    month = dec,
   volume = 599,
    pages = {1082-1115},
      doi = {10.1086/379504},
   adsurl = {http://adsabs.harvard.edu/abs/2003ApJ...599.1082M},
  adsnote = {Provided by the SAO/NASA Astrophysics Data System}
}

@ARTICLE{abazajian03,
   author = {{Abazajian}, K. and {Adelman-McCarthy}, J.~K. and {Ag{\"u}eros}, M.~A. and
	{Allam}, S.~S. and {Anderson}, S.~F. and {Annis}, J. and {Bahcall}, N.~A. and
	{Baldry}, I.~K. and {Bastian}, S. and {Berlind}, A. and {Bernardi}, M. and
	{Blanton}, M.~R. and {Blythe}, N. and {Bochanski}, Jr., J.~J. and
	{Boroski}, W.~N. and {Brewington}, H. and {Briggs}, J.~W. and
	{Brinkmann}, J. and {Brunner}, R.~J. and {Budav{\'a}ri}, T. and
	{Carey}, L.~N. and {Carr}, M.~A. and {Castander}, F.~J. and
	{Chiu}, K. and {Collinge}, M.~J. and {Connolly}, A.~J. and {Covey}, K.~R. and
	{Csabai}, I. and {Dalcanton}, J.~J. and {Dodelson}, S. and {Doi}, M. and
	{Dong}, F. and {Eisenstein}, D.~J. and {Evans}, M.~L. and {Fan}, X. and
	{Feldman}, P.~D. and {Finkbeiner}, D.~P. and {Friedman}, S.~D. and
	{Frieman}, J.~A. and {Fukugita}, M. and {Gal}, R.~R. and {Gillespie}, B. and
	{Glazebrook}, K. and {Gonzalez}, C.~F. and {Gray}, J. and {Grebel}, E.~K. and
	{Grodnicki}, L. and {Gunn}, J.~E. and {Gurbani}, V.~K. and {Hall}, P.~B. and
	{Hao}, L. and {Harbeck}, D. and {Harris}, F.~H. and {Harris}, H.~C. and
	{Harvanek}, M. and {Hawley}, S.~L. and {Heckman}, T.~M. and
	{Helmboldt}, J.~F. and {Hendry}, J.~S. and {Hennessy}, G.~S. and
	{Hindsley}, R.~B. and {Hogg}, D.~W. and {Holmgren}, D.~J. and
	{Holtzman}, J.~A. and {Homer}, L. and {Hui}, L. and {Ichikawa}, S.-i. and
	{Ichikawa}, T. and {Inkmann}, J.~P. and {Ivezi{\'c}}, {\v Z}. and
	{Jester}, S. and {Johnston}, D.~E. and {Jordan}, B. and {Jordan}, W.~P. and
	{Jorgensen}, A.~M. and {Juri{\'c}}, M. and {Kauffmann}, G. and
	{Kent}, S.~M. and {Kleinman}, S.~J. and {Knapp}, G.~R. and {Kniazev}, A.~Y. and
	{Kron}, R.~G. and {Krzesi{\'n}ski}, J. and {Kunszt}, P.~Z. and
	{Kuropatkin}, N. and {Lamb}, D.~Q. and {Lampeitl}, H. and {Laubscher}, B.~E. and
	{Lee}, B.~C. and {Leger}, R.~F. and {Li}, N. and {Lidz}, A. and
	{Lin}, H. and {Loh}, Y.-S. and {Long}, D.~C. and {Loveday}, J. and
	{Lupton}, R.~H. and {Malik}, T. and {Margon}, B. and {McGehee}, P.~M. and
	{McKay}, T.~A. and {Meiksin}, A. and {Miknaitis}, G.~A. and
	{Moorthy}, B.~K. and {Munn}, J.~A. and {Murphy}, T. and {Nakajima}, R. and
	{Narayanan}, V.~K. and {Nash}, T. and {Neilsen}, Jr., E.~H. and
	{Newberg}, H.~J. and {Newman}, P.~R. and {Nichol}, R.~C. and
	{Nicinski}, T. and {Nieto-Santisteban}, M. and {Nitta}, A. and
	{Odenkirchen}, M. and {Okamura}, S. and {Ostriker}, J.~P. and
	{Owen}, R. and {Padmanabhan}, N. and {Peoples}, J. and {Pier}, J.~R. and
	{Pindor}, B. and {Pope}, A.~C. and {Quinn}, T.~R. and {Rafikov}, R.~R. and
	{Raymond}, S.~N. and {Richards}, G.~T. and {Richmond}, M.~W. and
	{Rix}, H.-W. and {Rockosi}, C.~M. and {Schaye}, J. and {Schlegel}, D.~J. and
	{Schneider}, D.~P. and {Schroeder}, J. and {Scranton}, R. and
	{Sekiguchi}, M. and {Seljak}, U. and {Sergey}, G. and {Sesar}, B. and
	{Sheldon}, E. and {Shimasaku}, K. and {Siegmund}, W.~A. and
	{Silvestri}, N.~M. and {Sinisgalli}, A.~J. and {Sirko}, E. and
	{Smith}, J.~A. and {Smol{\v c}i{\'c}}, V. and {Snedden}, S.~A. and
	{Stebbins}, A. and {Steinhardt}, C. and {Stinson}, G. and {Stoughton}, C. and
	{Strateva}, I.~V. and {Strauss}, M.~A. and {SubbaRao}, M. and
	{Szalay}, A.~S. and {Szapudi}, I. and {Szkody}, P. and {Tasca}, L. and
	{Tegmark}, M. and {Thakar}, A.~R. and {Tremonti}, C. and {Tucker}, D.~L. and
	{Uomoto}, A. and {Vanden Berk}, D.~E. and {Vandenberg}, J. and
	{Vogeley}, M.~S. and {Voges}, W. and {Vogt}, N.~P. and {Walkowicz}, L.~M. and
	{Weinberg}, D.~H. and {West}, A.~A. and {White}, S.~D.~M. and
	{Wilhite}, B.~C. and {Willman}, B. and {Xu}, Y. and {Yanny}, B. and
	{Yarger}, J. and {Yasuda}, N. and {Yip}, C.-W. and {Yocum}, D.~R. and
	{York}, D.~G. and {Zakamska}, N.~L. and {Zehavi}, I. and {Zheng}, W. and
	{Zibetti}, S. and {Zucker}, D.~B.},
    title = "{The First Data Release of the Sloan Digital Sky Survey}",
  journal = {\aj},
   eprint = {astro-ph/0305492},
 keywords = {Atlases, Catalogs, Surveys},
     year = 2003,
    month = oct,
   volume = 126,
    pages = {2081-2086},
      doi = {10.1086/378165},
   adsurl = {http://adsabs.harvard.edu/abs/2003AJ....126.2081A},
  adsnote = {Provided by the SAO/NASA Astrophysics Data System}
}

@ARTICLE{crane03,
   author = {{Crane}, J.~D. and {Majewski}, S.~R. and {Rocha-Pinto}, H.~J. and
	{Frinchaboy}, P.~M. and {Skrutskie}, M.~F. and {Law}, D.~R.},
    title = "{Exploring Halo Substructure with Giant Stars: Spectroscopy of Stars in the Galactic Anticenter Stellar Structure}",
  journal = {\apjl},
   eprint = {astro-ph/0307505},
 keywords = {Galaxies: Interactions, Galaxy: Disk, Galaxy: Structure},
     year = 2003,
    month = sep,
   volume = 594,
    pages = {L119-L122},
      doi = {10.1086/378767},
   adsurl = {http://adsabs.harvard.edu/abs/2003ApJ...594L.119C},
  adsnote = {Provided by the SAO/NASA Astrophysics Data System}
}

@ARTICLE{rochapinto03,
   author = {{Rocha-Pinto}, H.~J. and {Majewski}, S.~R. and {Skrutskie}, M.~F. and
	{Crane}, J.~D.},
    title = "{Tracing the Galactic Anticenter Stellar Stream with 2MASS M Giants}",
  journal = {\apjl},
 keywords = {Galaxies: Interactions, Galaxy: Disk, Galaxy: Structure},
     year = 2003,
    month = sep,
   volume = 594,
    pages = {L115-L118},
      doi = {10.1086/378668},
   adsurl = {http://adsabs.harvard.edu/abs/2003ApJ...594L.115R},
  adsnote = {Provided by the SAO/NASA Astrophysics Data System}
}

@ARTICLE{yanny03,
   author = {{Yanny}, B. and {Newberg}, H.~J. and {Grebel}, E.~K. and {Kent}, S. and
	{Odenkirchen}, M. and {Rockosi}, C.~M. and {Schlegel}, D. and
	{Subbarao}, M. and {Brinkmann}, J. and {Fukugita}, M. and {Ivezic}, {\v Z}. and
	{Lamb}, D.~Q. and {Schneider}, D.~P. and {York}, D.~G.},
    title = "{A Low-Latitude Halo Stream around the Milky Way}",
  journal = {\apj},
   eprint = {astro-ph/0301029},
 keywords = {Galaxy: Halo, Galaxy: Structure},
     year = 2003,
    month = may,
   volume = 588,
    pages = {824-841},
      doi = {10.1086/374220},
   adsurl = {http://adsabs.harvard.edu/abs/2003ApJ...588..824Y},
  adsnote = {Provided by the SAO/NASA Astrophysics Data System}
}

@ARTICLE{ibata03,
   author = {{Ibata}, R.~A. and {Irwin}, M.~J. and {Lewis}, G.~F. and {Ferguson}, A.~M.~N. and
	{Tanvir}, N.},
    title = "{One ring to encompass them all: a giant stellar structure that surrounds the Galaxy}",
  journal = {\mnras},
   eprint = {astro-ph/0301067},
 keywords = {Galaxy: disc, Galaxy: structure, galaxies: interactions},
     year = 2003,
    month = apr,
   volume = 340,
    pages = {L21-L27},
      doi = {10.1046/j.1365-8711.2003.06545.x},
   adsurl = {http://adsabs.harvard.edu/abs/2003MNRAS.340L..21I},
  adsnote = {Provided by the SAO/NASA Astrophysics Data System}
}

@ARTICLE{ferguson02,
   author = {{Ferguson}, A.~M.~N. and {Irwin}, M.~J. and {Ibata}, R.~A. and
	{Lewis}, G.~F. and {Tanvir}, N.~R.},
    title = "{Evidence for Stellar Substructure in the Halo and Outer Disk of M31}",
  journal = {\aj},
   eprint = {astro-ph/0205530},
 keywords = {Galaxies: Evolution, Galaxies: Halos, Galaxies: Individual: Messier Number: M31, Galaxies: Structure, Galaxies: Local Group},
     year = 2002,
    month = sep,
   volume = 124,
    pages = {1452-1463},
      doi = {10.1086/342019},
   adsurl = {http://adsabs.harvard.edu/abs/2002AJ....124.1452F},
  adsnote = {Provided by the SAO/NASA Astrophysics Data System}
}

@ARTICLE{newberg02,
   author = {{Newberg}, H.~J. and {Yanny}, B. and {Rockosi}, C. and {Grebel}, E.~K. and
	{Rix}, H.-W. and {Brinkmann}, J. and {Csabai}, I. and {Hennessy}, G. and
	{Hindsley}, R.~B. and {Ibata}, R. and {Ivezi{\'c}}, Z. and {Lamb}, D. and
	{Nash}, E.~T. and {Odenkirchen}, M. and {Rave}, H.~A. and {Schneider}, D.~P. and
	{Smith}, J.~A. and {Stolte}, A. and {York}, D.~G.},
    title = "{The Ghost of Sagittarius and Lumps in the Halo of the Milky Way}",
  journal = {\apj},
   eprint = {astro-ph/0111095},
 keywords = {Galaxy: Halo, Galaxy: Structure},
     year = 2002,
    month = apr,
   volume = 569,
    pages = {245-274},
      doi = {10.1086/338983},
   adsurl = {http://adsabs.harvard.edu/abs/2002ApJ...569..245N},
  adsnote = {Provided by the SAO/NASA Astrophysics Data System}
}

@ARTICLE{stoughton02,
   author = {{Stoughton}, C. and {Lupton}, R.~H. and {Bernardi}, M. and {Blanton}, M.~R. and
	{Burles}, S. and {Castander}, F.~J. and {Connolly}, A.~J. and
	{Eisenstein}, D.~J. and {Frieman}, J.~A. and {Hennessy}, G.~S. and
	{Hindsley}, R.~B. and {Ivezi{\'c}}, {\v Z}. and {Kent}, S. and
	{Kunszt}, P.~Z. and {Lee}, B.~C. and {Meiksin}, A. and {Munn}, J.~A. and
	{Newberg}, H.~J. and {Nichol}, R.~C. and {Nicinski}, T. and
	{Pier}, J.~R. and {Richards}, G.~T. and {Richmond}, M.~W. and
	{Schlegel}, D.~J. and {Smith}, J.~A. and {Strauss}, M.~A. and
	{SubbaRao}, M. and {Szalay}, A.~S. and {Thakar}, A.~R. and {Tucker}, D.~L. and
	{Vanden Berk}, D.~E. and {Yanny}, B. and {Adelman}, J.~K. and
	{Anderson}, Jr., J.~E. and {Anderson}, S.~F. and {Annis}, J. and
	{Bahcall}, N.~A. and {Bakken}, J.~A. and {Bartelmann}, M. and
	{Bastian}, S. and {Bauer}, A. and {Berman}, E. and {B{\"o}hringer}, H. and
	{Boroski}, W.~N. and {Bracker}, S. and {Briegel}, C. and {Briggs}, J.~W. and
	{Brinkmann}, J. and {Brunner}, R. and {Carey}, L. and {Carr}, M.~A. and
	{Chen}, B. and {Christian}, D. and {Colestock}, P.~L. and {Crocker}, J.~H. and
	{Csabai}, I. and {Czarapata}, P.~C. and {Dalcanton}, J. and
	{Davidsen}, A.~F. and {Davis}, J.~E. and {Dehnen}, W. and {Dodelson}, S. and
	{Doi}, M. and {Dombeck}, T. and {Donahue}, M. and {Ellman}, N. and
	{Elms}, B.~R. and {Evans}, M.~L. and {Eyer}, L. and {Fan}, X. and
	{Federwitz}, G.~R. and {Friedman}, S. and {Fukugita}, M. and
	{Gal}, R. and {Gillespie}, B. and {Glazebrook}, K. and {Gray}, J. and
	{Grebel}, E.~K. and {Greenawalt}, B. and {Greene}, G. and {Gunn}, J.~E. and
	{de Haas}, E. and {Haiman}, Z. and {Haldeman}, M. and {Hall}, P.~B. and
	{Hamabe}, M. and {Hansen}, B. and {Harris}, F.~H. and {Harris}, H. and
	{Harvanek}, M. and {Hawley}, S.~L. and {Hayes}, J.~J.~E. and
	{Heckman}, T.~M. and {Helmi}, A. and {Henden}, A. and {Hogan}, C.~J. and
	{Hogg}, D.~W. and {Holmgren}, D.~J. and {Holtzman}, J. and {Huang}, C.-H. and
	{Hull}, C. and {Ichikawa}, S.-I. and {Ichikawa}, T. and {Johnston}, D.~E. and
	{Kauffmann}, G. and {Kim}, R.~S.~J. and {Kimball}, T. and {Kinney}, E. and
	{Klaene}, M. and {Kleinman}, S.~J. and {Klypin}, A. and {Knapp}, G.~R. and
	{Korienek}, J. and {Krolik}, J. and {Kron}, R.~G. and {Krzesi{\'n}ski}, J. and
	{Lamb}, D.~Q. and {Leger}, R.~F. and {Limmongkol}, S. and {Lindenmeyer}, C. and
	{Long}, D.~C. and {Loomis}, C. and {Loveday}, J. and {MacKinnon}, B. and
	{Mannery}, E.~J. and {Mantsch}, P.~M. and {Margon}, B. and {McGehee}, P. and
	{McKay}, T.~A. and {McLean}, B. and {Menou}, K. and {Merelli}, A. and
	{Mo}, H.~J. and {Monet}, D.~G. and {Nakamura}, O. and {Narayanan}, V.~K. and
	{Nash}, T. and {Neilsen}, Jr., E.~H. and {Newman}, P.~R. and
	{Nitta}, A. and {Odenkirchen}, M. and {Okada}, N. and {Okamura}, S. and
	{Ostriker}, J.~P. and {Owen}, R. and {Pauls}, A.~G. and {Peoples}, J. and
	{Peterson}, R.~S. and {Petravick}, D. and {Pope}, A. and {Pordes}, R. and
	{Postman}, M. and {Prosapio}, A. and {Quinn}, T.~R. and {Rechenmacher}, R. and
	{Rivetta}, C.~H. and {Rix}, H.-W. and {Rockosi}, C.~M. and {Rosner}, R. and
	{Ruthmansdorfer}, K. and {Sandford}, D. and {Schneider}, D.~P. and
	{Scranton}, R. and {Sekiguchi}, M. and {Sergey}, G. and {Sheth}, R. and
	{Shimasaku}, K. and {Smee}, S. and {Snedden}, S.~A. and {Stebbins}, A. and
	{Stubbs}, C. and {Szapudi}, I. and {Szkody}, P. and {Szokoly}, G.~P. and
	{Tabachnik}, S. and {Tsvetanov}, Z. and {Uomoto}, A. and {Vogeley}, M.~S. and
	{Voges}, W. and {Waddell}, P. and {Walterbos}, R. and {Wang}, S.-i. and
	{Watanabe}, M. and {Weinberg}, D.~H. and {White}, R.~L. and
	{White}, S.~D.~M. and {Wilhite}, B. and {Wolfe}, D. and {Yasuda}, N. and
	{York}, D.~G. and {Zehavi}, I. and {Zheng}, W.},
    title = "{Sloan Digital Sky Survey: Early Data Release}",
  journal = {\aj},
 keywords = {Atlases, Catalogs, Surveys},
     year = 2002,
    month = jan,
   volume = 123,
    pages = {485-548},
      doi = {10.1086/324741},
   adsurl = {http://adsabs.harvard.edu/abs/2002AJ....123..485S},
  adsnote = {Provided by the SAO/NASA Astrophysics Data System}
}

@ARTICLE{amrose01,
   author = {{Amrose}, S. and {Mckay}, T.},
    title = "{A Calculation of the Mean Local RR Lyrae Space Density Using ROTSE}",
  journal = {\apjl},
 keywords = {Galaxy: Structure, Stars: Variables: Other},
     year = 2001,
    month = oct,
   volume = 560,
    pages = {L151-L154},
      doi = {10.1086/324322},
   adsurl = {http://adsabs.harvard.edu/abs/2001ApJ...560L.151A},
  adsnote = {Provided by the SAO/NASA Astrophysics Data System}
}

@ARTICLE{bullock01,
   author = {{Bullock}, J.~S. and {Kravtsov}, A.~V. and {Weinberg}, D.~H.
	},
    title = "{Hierarchical Galaxy Formation and Substructure in the Galaxy's Stellar Halo}",
  journal = {\apj},
   eprint = {astro-ph/0007295},
 keywords = {Cosmology: Theory, Galaxies: Formation, Galaxy: Formation, Galaxy: Halo},
     year = 2001,
    month = feb,
   volume = 548,
    pages = {33-46},
      doi = {10.1086/318681},
   adsurl = {http://adsabs.harvard.edu/abs/2001ApJ...548...33B},
  adsnote = {Provided by the SAO/NASA Astrophysics Data System}
}

@ARTICLE{nikolaev00,
   author = {{Nikolaev}, S. and {Weinberg}, M.~D. and {Skrutskie}, M.~F. and
	{Cutri}, R.~M. and {Wheelock}, S.~L. and {Gizis}, J.~E. and
	{Howard}, E.~M.},
    title = "{A Global Photometric Analysis of 2MASS Calibration Data}",
  journal = {\aj},
   eprint = {astro-ph/0008002},
 keywords = {Methods: Data Analysis, Standards, Surveys},
     year = 2000,
    month = dec,
   volume = 120,
    pages = {3340-3350},
      doi = {10.1086/316873},
   adsurl = {http://adsabs.harvard.edu/abs/2000AJ....120.3340N},
  adsnote = {Provided by the SAO/NASA Astrophysics Data System}
}

@ARTICLE{york00,
   author = {{York}, D.~G. and {Adelman}, J. and {Anderson}, Jr., J.~E. and
	{Anderson}, S.~F. and {Annis}, J. and {Bahcall}, N.~A. and {Bakken}, J.~A. and
	{Barkhouser}, R. and {Bastian}, S. and {Berman}, E. and {Boroski}, W.~N. and
	{Bracker}, S. and {Briegel}, C. and {Briggs}, J.~W. and {Brinkmann}, J. and
	{Brunner}, R. and {Burles}, S. and {Carey}, L. and {Carr}, M.~A. and
	{Castander}, F.~J. and {Chen}, B. and {Colestock}, P.~L. and
	{Connolly}, A.~J. and {Crocker}, J.~H. and {Csabai}, I. and
	{Czarapata}, P.~C. and {Davis}, J.~E. and {Doi}, M. and {Dombeck}, T. and
	{Eisenstein}, D. and {Ellman}, N. and {Elms}, B.~R. and {Evans}, M.~L. and
	{Fan}, X. and {Federwitz}, G.~R. and {Fiscelli}, L. and {Friedman}, S. and
	{Frieman}, J.~A. and {Fukugita}, M. and {Gillespie}, B. and
	{Gunn}, J.~E. and {Gurbani}, V.~K. and {de Haas}, E. and {Haldeman}, M. and
	{Harris}, F.~H. and {Hayes}, J. and {Heckman}, T.~M. and {Hennessy}, G.~S. and
	{Hindsley}, R.~B. and {Holm}, S. and {Holmgren}, D.~J. and {Huang}, C.-h. and
	{Hull}, C. and {Husby}, D. and {Ichikawa}, S.-I. and {Ichikawa}, T. and
	{Ivezi{\'c}}, {\v Z}. and {Kent}, S. and {Kim}, R.~S.~J. and
	{Kinney}, E. and {Klaene}, M. and {Kleinman}, A.~N. and {Kleinman}, S. and
	{Knapp}, G.~R. and {Korienek}, J. and {Kron}, R.~G. and {Kunszt}, P.~Z. and
	{Lamb}, D.~Q. and {Lee}, B. and {Leger}, R.~F. and {Limmongkol}, S. and
	{Lindenmeyer}, C. and {Long}, D.~C. and {Loomis}, C. and {Loveday}, J. and
	{Lucinio}, R. and {Lupton}, R.~H. and {MacKinnon}, B. and {Mannery}, E.~J. and
	{Mantsch}, P.~M. and {Margon}, B. and {McGehee}, P. and {McKay}, T.~A. and
	{Meiksin}, A. and {Merelli}, A. and {Monet}, D.~G. and {Munn}, J.~A. and
	{Narayanan}, V.~K. and {Nash}, T. and {Neilsen}, E. and {Neswold}, R. and
	{Newberg}, H.~J. and {Nichol}, R.~C. and {Nicinski}, T. and
	{Nonino}, M. and {Okada}, N. and {Okamura}, S. and {Ostriker}, J.~P. and
	{Owen}, R. and {Pauls}, A.~G. and {Peoples}, J. and {Peterson}, R.~L. and
	{Petravick}, D. and {Pier}, J.~R. and {Pope}, A. and {Pordes}, R. and
	{Prosapio}, A. and {Rechenmacher}, R. and {Quinn}, T.~R. and
	{Richards}, G.~T. and {Richmond}, M.~W. and {Rivetta}, C.~H. and
	{Rockosi}, C.~M. and {Ruthmansdorfer}, K. and {Sandford}, D. and
	{Schlegel}, D.~J. and {Schneider}, D.~P. and {Sekiguchi}, M. and
	{Sergey}, G. and {Shimasaku}, K. and {Siegmund}, W.~A. and {Smee}, S. and
	{Smith}, J.~A. and {Snedden}, S. and {Stone}, R. and {Stoughton}, C. and
	{Strauss}, M.~A. and {Stubbs}, C. and {SubbaRao}, M. and {Szalay}, A.~S. and
	{Szapudi}, I. and {Szokoly}, G.~P. and {Thakar}, A.~R. and {Tremonti}, C. and
	{Tucker}, D.~L. and {Uomoto}, A. and {Vanden Berk}, D. and {Vogeley}, M.~S. and
	{Waddell}, P. and {Wang}, S.-i. and {Watanabe}, M. and {Weinberg}, D.~H. and
	{Yanny}, B. and {Yasuda}, N. and {SDSS Collaboration}},
    title = "{The Sloan Digital Sky Survey: Technical Summary}",
  journal = {\aj},
   eprint = {astro-ph/0006396},
 keywords = {Cosmology: Observations, Instrumentation: Miscellaneous},
     year = 2000,
    month = sep,
   volume = 120,
    pages = {1579-1587},
      doi = {10.1086/301513},
   adsurl = {http://adsabs.harvard.edu/abs/2000AJ....120.1579Y},
  adsnote = {Provided by the SAO/NASA Astrophysics Data System}
}

@ARTICLE{dehnen00,
   author = {{Dehnen}, W.},
    title = "{The Effect of the Outer Lindblad Resonance of the Galactic Bar on the Local Stellar Velocity Distribution}",
  journal = {\aj},
   eprint = {astro-ph/9911161},
 keywords = {GALAXY: KINEMATICS AND DYNAMICS, GALAXY: STRUCTURE, GALAXY: SOLAR NEIGHBORHOOD},
     year = 2000,
    month = feb,
   volume = 119,
    pages = {800-812},
      doi = {10.1086/301226},
   adsurl = {http://adsabs.harvard.edu/abs/2000AJ....119..800D},
  adsnote = {Provided by the SAO/NASA Astrophysics Data System}
}

@ARTICLE{dehnen98,
   author = {{Dehnen}, W.},
    title = "{The Distribution of Nearby Stars in Velocity Space Inferred from HIPPARCOS Data}",
  journal = {\aj},
   eprint = {astro-ph/9803110},
 keywords = {GALAXY: KINEMATICS AND DYNAMICS, GALAXY: STRUCTURE, METHODS: NUMERICAL, GALAXY: SOLAR NEIGHBORHOOD, STARS: KINEMATICS},
     year = 1998,
    month = jun,
   volume = 115,
    pages = {2384-2396},
      doi = {10.1086/300364},
   adsurl = {http://adsabs.harvard.edu/abs/1998AJ....115.2384D},
  adsnote = {Provided by the SAO/NASA Astrophysics Data System}
}

@PROCEEDINGS{esa97,
    title = "{The HIPPARCOS and TYCHO catalogues. Astrometric and photometric star catalogues derived from the ESA HIPPARCOS Space Astrometry Mission}",
 keywords = {SPACE ASTROMETRY, STAR CATALOGS, POSITIONS, ARTIFICIAL SATELLITES},
booktitle = {ESA Special Publication},
     year = 1997,
   series = {ESA Special Publication},
   volume = 1200,
   editor = {{ESA}},
   adsurl = {http://adsabs.harvard.edu/abs/1997ESASP1200.....E},
  adsnote = {Provided by the SAO/NASA Astrophysics Data System}
}

@ARTICLE{walker96,
   author = {{Walker}, I.~R. and {Mihos}, J.~C. and {Hernquist}, L.},
    title = "{Quantifying the Fragility of Galactic Disks in Minor Mergers}",
  journal = {\apj},
   eprint = {astro-ph/9510052},
 keywords = {GALAXIES: EVOLUTION, GALAXIES: INTERACTIONS, GALAXIES: KINEMATICS AND DYNAMICS, GALAXIES: STRUCTURE, METHODS: NUMERICAL},
     year = 1996,
    month = mar,
   volume = 460,
    pages = {121},
      doi = {10.1086/176956},
   adsurl = {http://adsabs.harvard.edu/abs/1996ApJ...460..121W},
  adsnote = {Provided by the SAO/NASA Astrophysics Data System}
}

@ARTICLE{robin92,
   author = {{Robin}, A.~C. and {Creze}, M. and {Mohan}, V.},
    title = "{The edge of the Galactic disk}",
  journal = {\apjl},
   eprint = {astro-ph/9210001},
 keywords = {Galactic Structure, Milky Way Galaxy, Star Distribution, Astronomical Photometry, Charge Coupled Devices, Star Formation, Stellar Magnitude},
     year = 1992,
    month = nov,
   volume = 400,
    pages = {L25-L27},
      doi = {10.1086/186640},
   adsurl = {http://adsabs.harvard.edu/abs/1992ApJ...400L..25R},
  adsnote = {Provided by the SAO/NASA Astrophysics Data System}
}
