@ARTICLE{bonaca17,
   author = {{Bonaca}, A. and {Conroy}, C. and {Wetzel}, A. and {Hopkins}, P.~F. and
	{Keres}, D.},
    title = "{Gaia reveals a metal-rich in-situ component of the local stellar halo}",
  journal = {ArXiv e-prints},
archivePrefix = "arXiv",
   eprint = {1704.05463},
 keywords = {Astrophysics - Astrophysics of Galaxies},
     year = 2017,
    month = apr,
   adsurl = {http://adsabs.harvard.edu/abs/2017arXiv170405463B},
  adsnote = {Provided by the SAO/NASA Astrophysics Data System}
}

@ARTICLE{moetazedian16,
   author = {{Moetazedian}, R. and {Just}, A.},
    title = "{Impact of cosmological satellites on the vertical heating of the Milky Way disc}",
  journal = {\mnras},
archivePrefix = "arXiv",
   eprint = {1508.03580},
 keywords = {methods: numerical, Galaxy: evolution, galaxies: dwarf, galaxies: interactions, galaxies: kinematics and dynamics, dark matter},
     year = 2016,
    month = jul,
   volume = 459,
    pages = {2905-2924},
      doi = {10.1093/mnras/stw764},
   adsurl = {http://adsabs.harvard.edu/abs/2016MNRAS.459.2905M},
  adsnote = {Provided by the SAO/NASA Astrophysics Data System}
}

@ARTICLE{donghia16,
   author = {{D'Onghia}, E. and {Madau}, P. and {Vera-Ciro}, C. and {Quillen}, A. and
	{Hernquist}, L.},
    title = "{Excitation of Coupled Stellar Motions in the Galactic Disk by Orbiting Satellites}",
  journal = {\apj},
archivePrefix = "arXiv",
   eprint = {1511.01503},
 keywords = {galaxies: kinematics and dynamics, Galaxy: disk, Galaxy: evolution, stars: kinematics and dynamics},
     year = 2016,
    month = may,
   volume = 823,
      eid = {4},
    pages = {4},
      doi = {10.3847/0004-637X/823/1/4},
   adsurl = {http://adsabs.harvard.edu/abs/2016ApJ...823....4D},
  adsnote = {Provided by the SAO/NASA Astrophysics Data System}
}

@ARTICLE{monachesi16,
   author = {{Monachesi}, A. and {Bell}, E.~F. and {Radburn-Smith}, D.~J. and
	{Bailin}, J. and {de Jong}, R.~S. and {Holwerda}, B. and {Streich}, D. and
	{Silverstein}, G.},
    title = "{The GHOSTS survey - II. The diversity of halo colour and metallicity profiles of massive disc galaxies}",
  journal = {\mnras},
archivePrefix = "arXiv",
   eprint = {1507.06657},
 keywords = {galaxies: evolution, galaxies: haloes, galaxies: photometry, galaxies: spiral, galaxies: stellar content},
     year = 2016,
    month = apr,
   volume = 457,
    pages = {1419-1446},
      doi = {10.1093/mnras/stv2987},
   adsurl = {http://adsabs.harvard.edu/abs/2016MNRAS.457.1419M},
  adsnote = {Provided by the SAO/NASA Astrophysics Data System}
}

@ARTICLE{sachdeva16,
   author = {{Sachdeva}, S. and {Saha}, K.},
    title = "{Survival of Pure Disk Galaxies over the Last 8 Billion Years}",
  journal = {\apjl},
archivePrefix = "arXiv",
   eprint = {1602.08942},
 keywords = {galaxies: bulges, galaxies: evolution, galaxies: formation, galaxies: high-redshift, galaxies: spiral, galaxies: structure},
     year = 2016,
    month = mar,
   volume = 820,
      eid = {L4},
    pages = {L4},
      doi = {10.3847/2041-8205/820/1/L4},
   adsurl = {http://adsabs.harvard.edu/abs/2016ApJ...820L...4S},
  adsnote = {Provided by the SAO/NASA Astrophysics Data System}
}

@ARTICLE{hawkins15,
   author = {{Hawkins}, K. and {Kordopatis}, G. and {Gilmore}, G. and {Masseron}, T. and
	{Wyse}, R.~F.~G. and {Ruchti}, G. and {Bienaym{\'e}}, O. and
	{Bland-Hawthorn}, J. and {Boeche}, C. and {Freeman}, K. and
	{Gibson}, B.~K. and {Grebel}, E.~K. and {Helmi}, A. and {Kunder}, A. and
	{Munari}, U. and {Navarro}, J.~F. and {Parker}, Q.~A. and {Reid}, W.~A. and
	{Scholz}, R.~D. and {Seabroke}, G. and {Siebert}, A. and {Steinmetz}, M. and
	{Watson}, F. and {Zwitter}, T.},
    title = "{Characterizing the high-velocity stars of RAVE: the discovery of a metal-rich halo star born in the Galactic disc}",
  journal = {\mnras},
archivePrefix = "arXiv",
   eprint = {1412.1484},
 keywords = {Galaxy: abundances, Galaxy: halo, Galaxy: kinematics and dynamics},
     year = 2015,
    month = feb,
   volume = 447,
    pages = {2046-2058},
      doi = {10.1093/mnras/stu2574},
   adsurl = {http://adsabs.harvard.edu/abs/2015MNRAS.447.2046H},
  adsnote = {Provided by the SAO/NASA Astrophysics Data System}
}

@ARTICLE{bovy15,
   author = {{Bovy}, J. and {Bird}, J.~C. and {Garc{\'{\i}}a P{\'e}rez}, A.~E. and
	{Majewski}, S.~R. and {Nidever}, D.~L. and {Zasowski}, G.},
    title = "{The Power Spectrum of the Milky Way: Velocity Fluctuations in the Galactic Disk}",
  journal = {\apj},
archivePrefix = "arXiv",
   eprint = {1410.8135},
 keywords = {Galaxy: disk, Galaxy: fundamental parameters, Galaxy: general, Galaxy: kinematics and dynamics, Galaxy: structure, stars: kinematics and dynamics},
     year = 2015,
    month = feb,
   volume = 800,
      eid = {83},
    pages = {83},
      doi = {10.1088/0004-637X/800/2/83},
   adsurl = {http://adsabs.harvard.edu/abs/2015ApJ...800...83B},
  adsnote = {Provided by the SAO/NASA Astrophysics Data System}
}

@ARTICLE{feldmann15,
   author = {{Feldmann}, R. and {Spolyar}, D.},
    title = "{Detecting dark matter substructures around the Milky Way with Gaia}",
  journal = {\mnras},
archivePrefix = "arXiv",
   eprint = {1310.2243},
 keywords = {Galaxy: kinematics and dynamics, galaxies: haloes, dark matter},
     year = 2015,
    month = jan,
   volume = 446,
    pages = {1000-1012},
      doi = {10.1093/mnras/stu2147},
   adsurl = {http://adsabs.harvard.edu/abs/2015MNRAS.446.1000F},
  adsnote = {Provided by the SAO/NASA Astrophysics Data System}
}

@ARTICLE{tissera14,
   author = {{Tissera}, P.~B. and {Beers}, T.~C. and {Carollo}, D. and {Scannapieco}, C.
	},
    title = "{Stellar haloes in Milky Way mass galaxies: from the inner to the outer haloes}",
  journal = {\mnras},
archivePrefix = "arXiv",
   eprint = {1309.3609},
 primaryClass = "astro-ph.CO",
 keywords = {Galaxy: structure, galaxies: evolution, galaxies: formation, cosmology: theory},
     year = 2014,
    month = apr,
   volume = 439,
    pages = {3128-3138},
      doi = {10.1093/mnras/stu181},
   adsurl = {http://adsabs.harvard.edu/abs/2014MNRAS.439.3128T},
  adsnote = {Provided by the SAO/NASA Astrophysics Data System}
}

@ARTICLE{dorman13,
   author = {{Dorman}, C.~E. and {Widrow}, L.~M. and {Guhathakurta}, P. and
	{Seth}, A.~C. and {Foreman-Mackey}, D. and {Bell}, E.~F. and
	{Dalcanton}, J.~J. and {Gilbert}, K.~M. and {Skillman}, E.~D. and
	{Williams}, B.~F.},
    title = "{A New Approach to Detailed Structural Decomposition from the SPLASH and PHAT Surveys: Kicked-up Disk Stars in the Andromeda Galaxy?}",
  journal = {\apj},
archivePrefix = "arXiv",
   eprint = {1310.4179},
 keywords = {galaxies: kinematics and dynamics, galaxies: spiral, galaxies: structure, Local Group },
     year = 2013,
    month = dec,
   volume = 779,
      eid = {103},
    pages = {103},
      doi = {10.1088/0004-637X/779/2/103},
   adsurl = {http://adsabs.harvard.edu/abs/2013ApJ...779..103D},
  adsnote = {Provided by the SAO/NASA Astrophysics Data System}
}

@ARTICLE{deason13,
   author = {{Deason}, A.~J. and {Belokurov}, V. and {Evans}, N.~W. and {Johnston}, K.~V.
	},
    title = "{Broken and Unbroken: The Milky Way and M31 Stellar Halos}",
  journal = {\apj},
archivePrefix = "arXiv",
   eprint = {1210.4929},
 keywords = {galaxies: halos, Galaxy: halo, galaxies: kinematics and dynamics, Local Group },
     year = 2013,
    month = feb,
   volume = 763,
      eid = {113},
    pages = {113},
      doi = {10.1088/0004-637X/763/2/113},
   adsurl = {http://adsabs.harvard.edu/abs/2013ApJ...763..113D},
  adsnote = {Provided by the SAO/NASA Astrophysics Data System}
}

@ARTICLE{sheffield12,
   author = {{Sheffield}, A.~A. and {Majewski}, S.~R. and {Johnston}, K.~V. and
	{Cunha}, K. and {Smith}, V.~V. and {Cheung}, A.~M. and {Hampton}, C.~M. and
	{David}, T.~J. and {Wagner-Kaiser}, R. and {Johnson}, M.~C. and
	{Kaplan}, E. and {Miller}, J. and {Patterson}, R.~J.},
    title = "{Identifying Contributions to the Stellar Halo from Accreted, Kicked-out, and In Situ Populations}",
  journal = {\apj},
archivePrefix = "arXiv",
   eprint = {1202.5310},
 primaryClass = "astro-ph.GA",
 keywords = {Galaxy: disk, Galaxy: evolution, Galaxy: formation, Galaxy: halo, Galaxy: kinematics and dynamics, solar neighborhood, stars: abundances},
     year = 2012,
    month = dec,
   volume = 761,
      eid = {161},
    pages = {161},
      doi = {10.1088/0004-637X/761/2/161},
   adsurl = {http://adsabs.harvard.edu/abs/2012ApJ...761..161S},
  adsnote = {Provided by the SAO/NASA Astrophysics Data System}
}

@ARTICLE{mccarthy12,
   author = {{McCarthy}, I.~G. and {Font}, A.~S. and {Crain}, R.~A. and {Deason}, A.~J. and
	{Schaye}, J. and {Theuns}, T.},
    title = "{Global structure and kinematics of stellar haloes in cosmological hydrodynamic simulations}",
  journal = {\mnras},
archivePrefix = "arXiv",
   eprint = {1111.1747},
 primaryClass = "astro-ph.GA",
 keywords = {Galaxy: evolution, Galaxy: formation, Galaxy: halo, galaxies: evolution, galaxies: formation, galaxies: haloes},
     year = 2012,
    month = mar,
   volume = 420,
    pages = {2245-2262},
      doi = {10.1111/j.1365-2966.2011.20189.x},
   adsurl = {http://adsabs.harvard.edu/abs/2012MNRAS.420.2245M},
  adsnote = {Provided by the SAO/NASA Astrophysics Data System}
}

@ARTICLE{chakrabarti11b,
   author = {{Chakrabarti}, S. and {Bigiel}, F. and {Chang}, P. and {Blitz}, L.
	},
    title = "{Finding Dwarf Galaxies from Their Tidal Imprints}",
  journal = {\apj},
archivePrefix = "arXiv",
   eprint = {1101.0815},
 keywords = {dark matter, galaxies: dwarf, galaxies: evolution, galaxies: interactions, galaxies: spiral, hydrodynamics},
     year = 2011,
    month = dec,
   volume = 743,
      eid = {35},
    pages = {35},
      doi = {10.1088/0004-637X/743/1/35},
   adsurl = {http://adsabs.harvard.edu/abs/2011ApJ...743...35C},
  adsnote = {Provided by the SAO/NASA Astrophysics Data System}
}

@ARTICLE{font11,
   author = {{Font}, A.~S. and {McCarthy}, I.~G. and {Crain}, R.~A. and {Theuns}, T. and
	{Schaye}, J. and {Wiersma}, R.~P.~C. and {Dalla Vecchia}, C.
	},
    title = "{Cosmological simulations of the formation of the stellar haloes around disc galaxies}",
  journal = {\mnras},
archivePrefix = "arXiv",
   eprint = {1102.2526},
 keywords = {Galaxy: evolution, Galaxy: formation, Galaxy: halo, galaxies: evolution, galaxies: formation, galaxies: haloes},
     year = 2011,
    month = oct,
   volume = 416,
    pages = {2802-2820},
      doi = {10.1111/j.1365-2966.2011.19227.x},
   adsurl = {http://adsabs.harvard.edu/abs/2011MNRAS.416.2802F},
  adsnote = {Provided by the SAO/NASA Astrophysics Data System}
}

@ARTICLE{chang11,
   author = {{Chang}, P. and {Chakrabarti}, S.},
    title = "{Dark subhaloes and disturbances in extended H I discs}",
  journal = {\mnras},
archivePrefix = "arXiv",
   eprint = {1102.3436},
 keywords = {galaxies: general, galaxies: interactions, dark matter},
     year = 2011,
    month = sep,
   volume = 416,
    pages = {618-628},
      doi = {10.1111/j.1365-2966.2011.19071.x},
   adsurl = {http://adsabs.harvard.edu/abs/2011MNRAS.416..618C},
  adsnote = {Provided by the SAO/NASA Astrophysics Data System}
}

@ARTICLE{chakrabarti11a,
   author = {{Chakrabarti}, S. and {Blitz}, L.},
    title = "{Tidal Imprints of a Dark Sub-halo on the Outskirts of the Milky Way. II. Perturber Azimuth}",
  journal = {\apj},
archivePrefix = "arXiv",
   eprint = {1007.1982},
 keywords = {galaxies: dwarf, galaxies: evolution, galaxies: individual: Milky Way, methods: numerical},
     year = 2011,
    month = apr,
   volume = 731,
      eid = {40},
    pages = {40},
      doi = {10.1088/0004-637X/731/1/40},
   adsurl = {http://adsabs.harvard.edu/abs/2011ApJ...731...40C},
  adsnote = {Provided by the SAO/NASA Astrophysics Data System}
}

@ARTICLE{kazantzidis09,
   author = {{Kazantzidis}, S. and {Zentner}, A.~R. and {Kravtsov}, A.~V. and
	{Bullock}, J.~S. and {Debattista}, V.~P.},
    title = "{Cold Dark Matter Substructure and Galactic Disks. II. Dynamical Effects of Hierarchical Satellite Accretion}",
  journal = {\apj},
archivePrefix = "arXiv",
   eprint = {0902.1983},
 primaryClass = "astro-ph.GA",
 keywords = {cosmology: theory, dark matter, galaxies: evolution, galaxies: formation, galaxies: structure, methods: numerical},
     year = 2009,
    month = aug,
   volume = 700,
    pages = {1896-1920},
      doi = {10.1088/0004-637X/700/2/1896},
   adsurl = {http://adsabs.harvard.edu/abs/2009ApJ...700.1896K},
  adsnote = {Provided by the SAO/NASA Astrophysics Data System}
}

@ARTICLE{purcell09,
   author = {{Purcell}, C.~W. and {Kazantzidis}, S. and {Bullock}, J.~S.},
    title = "{The Destruction of Thin Stellar Disks Via Cosmologically Common Satellite Accretion Events}",
  journal = {\apjl},
archivePrefix = "arXiv",
   eprint = {0810.2785},
 keywords = {cosmology: theory, galaxies: evolution, galaxies: formation},
     year = 2009,
    month = apr,
   volume = 694,
    pages = {L98-L102},
      doi = {10.1088/0004-637X/694/2/L98},
   adsurl = {http://adsabs.harvard.edu/abs/2009ApJ...694L..98P},
  adsnote = {Provided by the SAO/NASA Astrophysics Data System}
}

@ARTICLE{villalobos08,
   author = {{Villalobos}, {\'A}. and {Helmi}, A.},
    title = "{Simulations of minor mergers - I. General properties of thick discs}",
  journal = {\mnras},
 keywords = {Galaxy: disc , Galaxy: formation , Galaxy: kinematics and dynamics , galaxies: formation , galaxies: kinematics and dynamics , galaxies: structure},
     year = 2008,
    month = dec,
   volume = 391,
    pages = {1806-1827},
      doi = {10.1111/j.1365-2966.2008.13979.x},
   adsurl = {http://adsabs.harvard.edu/abs/2008MNRAS.391.1806V},
  adsnote = {Provided by the SAO/NASA Astrophysics Data System}
}

@ARTICLE{hopkins08,
   author = {{Hopkins}, P.~F. and {Hernquist}, L. and {Cox}, T.~J. and {Younger}, J.~D. and
	{Besla}, G.},
    title = "{The Radical Consequences of Realistic Satellite Orbits for the Heating and Implied Merger Histories of Galactic Disks}",
  journal = {\apj},
archivePrefix = "arXiv",
   eprint = {0806.2861},
 keywords = {cosmology: theory, galaxies: active, galaxies: evolution, galaxies: formation, galaxies: spiral },
     year = 2008,
    month = dec,
   volume = 688,
      eid = {757-769},
    pages = {757-769},
      doi = {10.1086/592087},
   adsurl = {http://adsabs.harvard.edu/abs/2008ApJ...688..757H},
  adsnote = {Provided by the SAO/NASA Astrophysics Data System}
}

@ARTICLE{stewart08,
   author = {{Stewart}, K.~R. and {Bullock}, J.~S. and {Wechsler}, R.~H. and
	{Maller}, A.~H. and {Zentner}, A.~R.},
    title = "{Merger Histories of Galaxy Halos and Implications for Disk Survival}",
  journal = {\apj},
archivePrefix = "arXiv",
   eprint = {0711.5027},
 keywords = {cosmology: theory, dark matter, galaxies: formation, galaxies: halos, methods: N-body simulations},
     year = 2008,
    month = aug,
   volume = 683,
      eid = {597-610},
    pages = {597-610},
      doi = {10.1086/588579},
   adsurl = {http://adsabs.harvard.edu/abs/2008ApJ...683..597S},
  adsnote = {Provided by the SAO/NASA Astrophysics Data System}
}

@ARTICLE{carollo07,
   author = {{Carollo}, D. and {Beers}, T.~C. and {Lee}, Y.~S. and {Chiba}, M. and
	{Norris}, J.~E. and {Wilhelm}, R. and {Sivarani}, T. and {Marsteller}, B. and
	{Munn}, J.~A. and {Bailer-Jones}, C.~A.~L. and {Fiorentin}, P.~R. and
	{York}, D.~G.},
    title = "{Two stellar components in the halo of the Milky Way}",
  journal = {\nat},
archivePrefix = "arXiv",
   eprint = {0706.3005},
     year = 2007,
    month = dec,
   volume = 450,
    pages = {1020-1025},
      doi = {10.1038/nature06460},
   adsurl = {http://adsabs.harvard.edu/abs/2007Natur.450.1020C},
  adsnote = {Provided by the SAO/NASA Astrophysics Data System}
}

@ARTICLE{benson04,
   author = {{Benson}, A.~J. and {Lacey}, C.~G. and {Frenk}, C.~S. and {Baugh}, C.~M. and
	{Cole}, S.},
    title = "{Heating of galactic discs by infalling satellites}",
  journal = {\mnras},
   eprint = {astro-ph/0307298},
 keywords = {Galaxy: disc, galaxies: fundamental parameters, galaxies: haloes, galaxies: interactions, galaxies: kinematics and dynamics, dark matter},
     year = 2004,
    month = jul,
   volume = 351,
    pages = {1215-1236},
      doi = {10.1111/j.1365-2966.2004.07870.x},
   adsurl = {http://adsabs.harvard.edu/abs/2004MNRAS.351.1215B},
  adsnote = {Provided by the SAO/NASA Astrophysics Data System}
}

@ARTICLE{ardi03,
   author = {{Ardi}, E. and {Tsuchiya}, T. and {Burkert}, A.},
    title = "{Constraints of the Clumpiness of Dark Matter Halos through Heating of the Disk Galaxies}",
  journal = {\apj},
   eprint = {astro-ph/0206026},
 keywords = {Cosmology: Dark Matter, Galaxies: Kinematics and Dynamics, Methods: Numerical},
     year = 2003,
    month = oct,
   volume = 596,
    pages = {204-215},
      doi = {10.1086/377684},
   adsurl = {http://adsabs.harvard.edu/abs/2003ApJ...596..204A},
  adsnote = {Provided by the SAO/NASA Astrophysics Data System}
}

@ARTICLE{font01,
   author = {{Font}, A.~S. and {Navarro}, J.~F. and {Stadel}, J. and {Quinn}, T.
	},
    title = "{Halo Substructure and Disk Heating in a {$\Lambda$} Cold Dark Matter Universe}",
  journal = {\apjl},
   eprint = {astro-ph/0106268},
 keywords = {Cosmology: Dark Matter, Galaxies: Evolution, Galaxies: Structure, Methods: n-Body Simulations},
     year = 2001,
    month = dec,
   volume = 563,
    pages = {L1-L4},
      doi = {10.1086/338479},
   adsurl = {http://adsabs.harvard.edu/abs/2001ApJ...563L...1F},
  adsnote = {Provided by the SAO/NASA Astrophysics Data System}
}

@ARTICLE{schwarzkopf01,
   author = {{Schwarzkopf}, U. and {Dettmar}, R.-J.},
    title = "{Properties of tidally-triggered vertical disk perturbations}",
  journal = {\aap},
   eprint = {astro-ph/0107080},
 keywords = {GALAXIES: EVOLUTION, GALAXIES: GENERAL, GALAXIES: INTERACTIONS, GALAXIES: SPIRAL, GALAXIES: STRUCTURE, GALAXIES: STATISTICS},
     year = 2001,
    month = jul,
   volume = 373,
    pages = {402-437},
      doi = {10.1051/0004-6361:20010548},
   adsurl = {http://adsabs.harvard.edu/abs/2001A%26A...373..402S},
  adsnote = {Provided by the SAO/NASA Astrophysics Data System}
}

@ARTICLE{velazquez99,
   author = {{Velazquez}, H. and {White}, S.~D.~M.},
    title = "{Sinking satellites and the heating of galaxy discs}",
  journal = {\mnras},
   eprint = {astro-ph/9809412},
 keywords = {METHODS: NUMERICAL, GALAXIES: EVOLUTION, GALAXIES: KINEMATICS AND DYNAMICS, GALAXIES: SPIRAL, GALAXIES: STRUCTURE},
     year = 1999,
    month = apr,
   volume = 304,
    pages = {254-270},
      doi = {10.1046/j.1365-8711.1999.02354.x},
   adsurl = {http://adsabs.harvard.edu/abs/1999MNRAS.304..254V},
  adsnote = {Provided by the SAO/NASA Astrophysics Data System}
}

@ARTICLE{zaritsky97,
   author = {{Zaritsky}, D. and {Rix}, H.-W.},
    title = "{Lopsided Spiral Galaxies and a Limit on the Galaxy Accretion Rate}",
  journal = {\apj},
   eprint = {astro-ph/9608086},
 keywords = {Accretion, Accretion Disks, Galaxies: Interactions, Galaxies: Spiral, Galaxies: Structure, Methods: Numerical},
     year = 1997,
    month = mar,
   volume = 477,
    pages = {118-127},
      doi = {10.1086/303692},
   adsurl = {http://adsabs.harvard.edu/abs/1997ApJ...477..118Z},
  adsnote = {Provided by the SAO/NASA Astrophysics Data System}
}

@ARTICLE{quinn93,
   author = {{Quinn}, P.~J. and {Hernquist}, L. and {Fullagar}, D.~P.},
    title = "{Heating of galactic disks by mergers}",
  journal = {\apj},
 keywords = {Computational Astrophysics, Galactic Evolution, Galactic Structure, Interacting Galaxies, Spiral Galaxies, Abundance, Accretion Disks, Galactic Halos, Many Body Problem},
     year = 1993,
    month = jan,
   volume = 403,
    pages = {74-93},
      doi = {10.1086/172184},
   adsurl = {http://adsabs.harvard.edu/abs/1993ApJ...403...74Q},
  adsnote = {Provided by the SAO/NASA Astrophysics Data System}
}

@ARTICLE{toth92,
   author = {{Toth}, G. and {Ostriker}, J.~P.},
    title = "{Galactic disks, infall, and the global value of Omega}",
  journal = {\apj},
 keywords = {Astronomical Models, Cosmology, Galactic Structure, Milky Way Galaxy, Spiral Galaxies, Accretion Disks, Circular Orbits, Dark Matter, Galactic Evolution, Halos},
     year = 1992,
    month = apr,
   volume = 389,
    pages = {5-26},
      doi = {10.1086/171185},
   adsurl = {http://adsabs.harvard.edu/abs/1992ApJ...389....5T},
  adsnote = {Provided by the SAO/NASA Astrophysics Data System}
}
