 @INPROCEEDINGS{vogt1994,
   author = {{Vogt}, S.~S. and {Allen}, S.~L. and {Bigelow}, B.~C. and {Bresee}, L. and 
	{Brown}, B. and {Cantrall}, T. and {Conrad}, A. and {Couture}, M. and 
	{Delaney}, C. and {Epps}, H.~W. and {Hilyard}, D. and {Hilyard}, D.~F. and 
	{Horn}, E. and {Jern}, N. and {Kanto}, D. and {Keane}, M.~J. and 
	{Kibrick}, R.~I. and {Lewis}, J.~W. and {Osborne}, J. and {Pardeilhan}, G.~H. and 
	{Pfister}, T. and {Ricketts}, T. and {Robinson}, L.~B. and {Stover}, R.~J. and 
	{Tucker}, D. and {Ward}, J. and {Wei}, M.~Z.},
    title = "{HIRES: the high-resolution echelle spectrometer on the Keck 10-m Telescope}",
 keywords = {ASTEROSEISMOLOGY,},
booktitle = {Instrumentation in Astronomy VIII},
     year = 1994,
   series = {\procspie},
   volume = 2198,
   editor = {{Crawford}, D.~L. and {Craine}, E.~R.},
    month = jun,
    pages = {362},
      doi = {10.1117/12.176725},
   adsurl = {http://adsabs.harvard.edu/abs/1994SPIE.2198..362V},
  adsnote = {Provided by the SAO/NASA Astrophysics Data System}
}


@ARTICLE{freudling2013,
   author = {{Freudling}, W. and {Romaniello}, M. and {Bramich}, D.~M. and
{Ballester}, P. and {Forchi}, V. and {Garc{\'{\i}}a-Dabl{\'o}}, C.~E. and
{Moehler}, S. and {Neeser}, M.~J.},
    title = "{Automated data reduction workflows for astronomy. The ESO Reflex environment}",
  journal = {\aap},
archivePrefix = "arXiv",
   eprint = {1311.5411},
 primaryClass = "astro-ph.IM",
 keywords = {methods: data analysis, astronomical databases: miscellaneous, techniques: miscellaneous, virtual observatory tools},
     year = 2013,
    month = nov,
   volume = 559,
      eid = {A96},
    pages = {A96},
      doi = {10.1051/0004-6361/201322494},
   adsurl = {http://adsabs.harvard.edu/abs/2013A%26A...559A..96F},
  adsnote = {Provided by the SAO/NASA Astrophysics Data System}
} 

@ARTICLE{chou2010a,
   author = {{Chou}, M.-Y. and {Cunha}, K. and {Majewski}, S.~R. and {Smith}, V.~V. and 
	{Patterson}, R.~J. and {Mart{\'{\i}}nez-Delgado}, D. and {Geisler}, D.
	},
    title = "{A Two Micron All Sky Survey View of the Sagittarius Dwarf Galaxy. VI. s-Process and Titanium Abundance Variations Along the Sagittarius Stream}",
  journal = {\apj},
archivePrefix = "arXiv",
   eprint = {0911.4364},
 keywords = {galaxies: evolution, galaxies: individual: Sagittarius dSph, galaxies: interactions, Galaxy: abundances, Galaxy: halo, stars: abundances},
     year = 2010,
    month = jan,
   volume = 708,
    pages = {1290-1309},
      doi = {10.1088/0004-637X/708/2/1290},
   adsurl = {http://adsabs.harvard.edu/abs/2010ApJ...708.1290C},
  adsnote = {Provided by the SAO/NASA Astrophysics Data System}
}



@ARTICLE{chou2010b,
   author = {{Chou}, M.-Y. and {Majewski}, S.~R. and {Cunha}, K. and {Smith}, V.~V. and 
	{Patterson}, R.~J. and {Mart{\'{\i}}nez-Delgado}, D.},
    title = "{The Chemical Evolution of the Monoceros Ring/Galactic Anticenter Stellar Structure}",
  journal = {\apjl},
archivePrefix = "arXiv",
   eprint = {1007.1056},
 keywords = {Galaxy: evolution, Galaxy: halo, Galaxy: structure, galaxies: dwarf, galaxies: interactions, stars: abundances},
     year = 2010,
    month = sep,
   volume = 720,
    pages = {L5-L10},
      doi = {10.1088/2041-8205/720/1/L5},
   adsurl = {http://adsabs.harvard.edu/abs/2010ApJ...720L...5C},
  adsnote = {Provided by the SAO/NASA Astrophysics Data System}
}



@ARTICLE{2000A&A...359..663B,
   author = {{Bonifacio}, P. and {Hill}, V. and {Molaro}, P. and {Pasquini}, L. and 
	{Di Marcantonio}, P. and {Santin}, P.},
    title = "{First results of UVES at VLT: abundances in the Sgr dSph}",
  journal = {\aap},
   eprint = {astro-ph/0005268},
 keywords = {STARS: ABUNDANCES, STARS: INDIVIDUAL: SGR 143, GALAXIES: ABUNDANCES, GALAXIES: DWARF, GALAXIES: INDIVIDUAL: SGR DSPH},
     year = 2000,
    month = jul,
   volume = 359,
    pages = {663-668},
   adsurl = {http://adsabs.harvard.edu/abs/2000A%26A...359..663B},
  adsnote = {Provided by the SAO/NASA Astrophysics Data System}
}



@ARTICLE{sbordone2005,
  author = {{Sbordone}, L. and {Bonifacio}, P. and {Marconi}, G. and {Zaggia}, S. and 
	{Buonanno}, R.},
   title = "{UVES observations of the Canis Major overdensity}",
 journal = {\aap},
  eprint = {astro-ph/0412098},
keywords = {stars: abundances, stars: atmospheres, galaxies: abundances, galaxies: evolution, galaxies: dwarf},
    year = 2005,
   month = jan,
  volume = 430,
   pages = {L13-L16},
     doi = {10.1051/0004-6361:200400118},
  adsurl = {http://adsabs.harvard.edu/abs/2005A%26A...430L..13S},
 adsnote = {Provided by the SAO/NASA Astrophysics Data System}
}

@ARTICLE{bergemann2012,
   author = {{Bergemann}, M. and {Lind}, K. and {Collet}, R. and {Magic}, Z. and 
	{Asplund}, M.},
    title = "{Non-LTE line formation of Fe in late-type stars - I. Standard stars with 1D and $\lt$3D$\gt$ model atmospheres}",
  journal = {\mnras},
archivePrefix = "arXiv",
   eprint = {1207.2455},
 primaryClass = "astro-ph.SR",
 keywords = {atomic data, line: formation, line: profiles - radiative transfer, stars: abundances},
     year = 2012,
    month = nov,
   volume = 427,
    pages = {27-49},
      doi = {10.1111/j.1365-2966.2012.21687.x},
   adsurl = {http://adsabs.harvard.edu/abs/2012MNRAS.427...27B},
  adsnote = {Provided by the SAO/NASA Astrophysics Data System}
}
@ARTICLE{bergemann2011,
   author = {{Bergemann}, M.},
    title = "{Ionization balance of Ti in the photospheres of the Sun and four late-type stars}",
  journal = {\mnras},
archivePrefix = "arXiv",
   eprint = {1101.0828},
 primaryClass = "astro-ph.SR",
 keywords = {line: formation, line: profiles, radiative transfer, Sun: abundances, stars: abundances},
     year = 2011,
    month = may,
   volume = 413,
    pages = {2184-2198},
      doi = {10.1111/j.1365-2966.2011.18295.x},
   adsurl = {http://adsabs.harvard.edu/abs/2011MNRAS.413.2184B},
  adsnote = {Provided by the SAO/NASA Astrophysics Data System}
}

@ARTICLE{shetrone2001,
   author = {{Shetrone}, M.~D. and {C{\^o}t{\'e}}, P. and {Sargent}, W.~L.~W.
	},
    title = "{Abundance Patterns in the Draco, Sextans, and Ursa Minor Dwarf Spheroidal Galaxies}",
  journal = {\apj},
   eprint = {astro-ph/0009505},
 keywords = {Galaxies: Abundances, Galaxies: Dwarf, Galaxies: Individual: Name: Draco, Galaxies: Individual: Name: Sextans, Galaxies: Individual: Name: Ursa Minor, Galaxies: Quasars: Absorption Lines, Stars: Abundances},
     year = 2001,
    month = feb,
   volume = 548,
    pages = {592-608},
      doi = {10.1086/319022},
   adsurl = {http://adsabs.harvard.edu/abs/2001ApJ...548..592S},
  adsnote = {Provided by the SAO/NASA Astrophysics Data System}
}


@ARTICLE{shetrone2003,
   author = {{Shetrone}, M. and {Venn}, K.~A. and {Tolstoy}, E. and {Primas}, F. and 
	{Hill}, V. and {Kaufer}, A.},
    title = "{VLT/UVES Abundances in Four Nearby Dwarf Spheroidal Galaxies. I. Nucleosynthesis and Abundance Ratios}",
  journal = {\aj},
   eprint = {astro-ph/0211167},
 keywords = {Galaxies: Abundances, Galaxies: Dwarf, Galaxies: Individual: Name: Sculptor, galaxies: individual (Fornax, Carina), Galaxies: Individual: Name: Leo I, Stars: Abundances},
     year = 2003,
    month = feb,
   volume = 125,
    pages = {684-706},
      doi = {10.1086/345966},
   adsurl = {http://adsabs.harvard.edu/abs/2003AJ....125..684S},
  adsnote = {Provided by the SAO/NASA Astrophysics Data System}
}

@ARTICLE{lemasle2014,
   author = {{Lemasle}, B. and {de Boer}, T.~J.~L. and {Hill}, V. and {Tolstoy}, E. and 
	{Irwin}, M.~J. and {Jablonka}, P. and {Venn}, K. and {Battaglia}, G. and 
	{Starkenburg}, E. and {Shetrone}, M. and {Letarte}, B. and {Fran{\c c}ois}, P. and 
	{Helmi}, A. and {Primas}, F. and {Kaufer}, A. and {Szeifert}, T.
	},
    title = "{VLT/FLAMES spectroscopy of red giant branch stars in the Fornax dwarf spheroidal galaxy}",
  journal = {\aap},
archivePrefix = "arXiv",
   eprint = {1409.7703},
 keywords = {stars: abundances, galaxies: individual: Fornax, galaxies: evolution},
     year = 2014,
    month = dec,
   volume = 572,
      eid = {A88},
    pages = {A88},
      doi = {10.1051/0004-6361/201423919},
   adsurl = {http://adsabs.harvard.edu/abs/2014A%26A...572A..88L},
  adsnote = {Provided by the SAO/NASA Astrophysics Data System}
}
