@ARTICLE{Morganson:2016,
   author = {{Morganson}, E. and {Conn}, B. and {Rix}, H.-W. and {Bell}, E.~F. and
  {Burgett}, W.~S. and {Chambers}, K. and {Dolphin}, A. and {Draper}, P.~W. and
  {Flewelling}, H. and {Hodapp}, K. and {Kaiser}, N. and {Magnier}, E.~A. and
  {Martin}, N.~F. and {Martinez-Delgado}, D. and {Metcalfe}, N. and
  {Schlafly}, E.~F. and {Slater}, C.~T. and {Wainscoat}, R.~J. and
  {Waters}, C.~Z.},
    title = "{Mapping the Monoceros Ring in 3D with Pan-STARRS1}",
  journal = {\apj},
archivePrefix = "arXiv",
   eprint = {1604.07501},
 keywords = {Galaxy: disk},
     year = 2016,
    month = jul,
   volume = 825,
      eid = {140},
    pages = {140},
      doi = {10.3847/0004-637X/825/2/140},
   adsurl = {http://adsabs.harvard.edu/abs/2016ApJ...825..140M},
  adsnote = {Provided by the SAO/NASA Astrophysics Data System}
}
